Quantity, Name, CardNumber, Expansion Code, Expansion Name, PurchasePrice, Foil, Condition, Language, PurchaseDate, Single Current Price, Total Current Price
1,"Abandon the Post",127,mid,Innistrad: Midnight Hunt,0.25,false,NearMint,German,20220129,0.02,0.02
1,"Abiding Grace",1,mh2,Modern Horizons 2,0.04,false,NearMint,German,20220914,0.03,0.03
1,"Abomination of Llanowar",81,khc,Kaldheim Commander,0.02,false,NearMint,German,20220205,0.23,0.23
1,"Abrade",139,vow,Innistrad: Crimson Vow,0.09,false,NearMint,German,20220129,0.1,0.1
1,"Abundance",58,znc,Zendikar Rising Commander,1.12,false,NearMint,German,20220205,0.2,0.2
1,"Abundant Growth",128,dmc,Dominaria United Commander,1.38,false,NearMint,German,20221016,0.48,0.48
1,"Abzan Charm",138,dmc,Dominaria United Commander,0.11,false,NearMint,German,20221016,0.05,0.05
1,"Abzan Falconer",9,znc,Zendikar Rising Commander,0.02,false,NearMint,German,20220205,0.09,0.09
1,"Academy Loremaster",40,pdmu,Dominaria United Promos,0.45,true,NearMint,German,20220919,0.2,0.2
1,"Academy Loremaster",40,dmu,Dominaria United,0.27,false,NearMint,German,20220915,0.32,0.32
1,"Academy Wall",41,dmu,Dominaria United,0.08,false,NearMint,German,20220914,0.12,0.12
1,"Accomplished Automaton",191,kld,Kaladesh,0.02,false,NearMint,German,20220130,0.13,0.13
1,"Accursed Horde",56,hou,Hour of Devastation,0.05,false,NearMint,German,20220130,0.35,0.35
1,"Acidic Slime",59,znc,Zendikar Rising Commander,0.13,false,NearMint,German,20220205,0.05,0.05
1,"Acrobatic Maneuver",1,kld,Kaladesh,0.12,false,NearMint,German,20220130,0.1,0.1
1,"Act of Heroism",1,hou,Hour of Devastation,0.02,false,NearMint,German,20220130,0.11,0.11
1,"Act of Treason",91,rna,Ravnica Allegiance,0.05,false,NearMint,German,20220130,0.02,0.02
1,"Adanto Vanguard",1,xln,Ixalan,0.29,false,NearMint,German,20220130,0.3,0.3
1,"Adeline, Resplendent Cathar",1,mid,Innistrad: Midnight Hunt,0.29,false,NearMint,German,20220129,11.93,11.93
1,"Admiral Beckett Brass",217,xln,Ixalan,1.46,false,NearMint,German,20220130,0.29,0.29
1,"Admonition Angel",10,znc,Zendikar Rising Commander,0.67,false,NearMint,German,20220205,0.71,0.71
1,"Adriana, Captain of the Guard",139,dmc,Dominaria United Commander,0.13,false,NearMint,German,20221017,0.25,0.25
1,"Aegis Angel",1,w16,Welcome Deck 2016,0.05,false,NearMint,German,20220130,0.13,0.13
1,"Aegis Automaton",141,aer,Aether Revolt,0.01,false,NearMint,German,20220130,0.02,0.02
1,"Aegis Turtle",39,iko,Ikoria: Lair of Behemoths,0.02,false,NearMint,German,20220223,0.16,0.16
1,"Aerial Boost",2,mom,March of the Machine,0.02,false,NearMint,English,20230912,0.1,0.1
2,"Aerial Modification",1,aer,Aether Revolt,0.12,false,NearMint,German,20220130,0.02,0.04
5,"Aerial Responder",2,kld,Kaladesh,0.19,false,NearMint,German,20220130,0.04,0.2
2,"Aeromoeba",37,mh2,Modern Horizons 2,0.1,false,NearMint,German,20220914,0.04,0.08
1,"Aeromoeba",389,mh2,Modern Horizons 2,0.4,false,NearMint,German,20220221,0.02,0.02
1,"Aeromunculus",152,rna,Ravnica Allegiance,0.1,false,NearMint,German,20220130,0.02,0.02
2,"Aeronaut Admiral",2,aer,Aether Revolt,0.13,false,NearMint,German,20220130,0.15,0.3
1,"Aeronaut Cavalry",1,bro,The Brothers' War,0.09,false,NearMint,German,20230409,0.02,0.02
1,"Aesi, Tyrant of Gyre Strait",365,cmr,Commander Legends,13.25,true,NearMint,German,20220220,22.32,22.32
4,"Aether Chaser",76,aer,Aether Revolt,0.56,false,NearMint,German,20220130,0.02,0.08
3,"Aether Herder",102,aer,Aether Revolt,0.05,false,NearMint,German,20220130,0.02,0.06
1,"Aether Meltdown",36,kld,Kaladesh,0.02,false,NearMint,German,20220130,0.02,0.02
3,"Aether Poisoner",51,aer,Aether Revolt,0.08,false,NearMint,German,20220130,0.1,0.3
2,"Aether Swooper",26,aer,Aether Revolt,0.12,false,NearMint,German,20220130,0.02,0.04
2,"Aether Theorist",37,kld,Kaladesh,0.09,false,NearMint,German,20220130,0.18,0.36
1,"Aether Tradewinds",38,kld,Kaladesh,0.05,false,NearMint,German,20220130,0.05,0.05
1,"Aetherblade Agent",88,mom,March of the Machine,0.04,false,NearMint,English,20230912,0.02,0.02
1,"Aetherborn Marauder",71,kld,Kaladesh,0.15,false,NearMint,German,20220130,0.02,0.02
1,"Aetherflux Reservoir",192,kld,Kaladesh,5.72,false,NearMint,German,20220130,7.24,7.24
1,"Aetherize",23,znc,Zendikar Rising Commander,0.3,false,NearMint,German,20220205,0.48,0.48
1,"Aethersphere Harvester",142,aer,Aether Revolt,0.29,false,NearMint,German,20220130,0.15,0.15
1,"Aetherstream Leopard",103,aer,Aether Revolt,0.02,false,NearMint,German,20220130,0.02,0.02
1,"Aethertorch Renegade",106,kld,Kaladesh,0.17,false,NearMint,German,20220130,0.1,0.1
2,"Ageless Guardian",8,stx,Strixhaven: School of Mages,0.06,false,NearMint,German,20220129,0.01,0.02
1,"Aggressive Sabotage",78,dmu,Dominaria United,0.01,false,NearMint,German,20220914,0.02,0.02
1,"Aggressive Sabotage",78,dmu,Dominaria United,0.01,false,NearMint,German,20220923,0.02,0.02
1,"Aggressive Sabotage",78,dmu,Dominaria United,0.07,false,NearMint,German,20221022,0.02,0.02
2,"Agonizing Remorse",83,thb,Theros Beyond Death,0.03,false,NearMint,German,20220205,0.02,0.04
1,"Agonizing Syphon",83,m20,Core Set 2020,0.02,false,NearMint,German,20220129,0.02,0.02
2,"Aid from the Cowl",105,aer,Aether Revolt,0.08,false,NearMint,German,20220130,0.15,0.3
1,"Aim for the Head",92,vow,Innistrad: Crimson Vow,0.02,false,NearMint,German,20220129,0.02,0.02
1,"Ainok Bond-Kin",3,ktk,Khans of Tarkir,0.04,false,NearMint,English,20220214,0.05,0.05
2,"Air Elemental",308,m19,Core Set 2019,0.4,false,NearMint,German,20220130,0.02,0.04
1,"Air Servant",4,w16,Welcome Deck 2016,0.02,false,NearMint,German,20220130,0.02,0.02
1,"Airdrop Aeronauts",5,aer,Aether Revolt,0.1,false,NearMint,German,20220130,0.04,0.04
1,"Airlift Chaplain",2,bro,The Brothers' War,0.1,false,NearMint,German,20230409,0.1,0.1
2,"Ajani's Aid",188,aer,Aether Revolt,0.1,false,NearMint,German,20220130,0.74,1.48
4,"Ajani's Comrade",187,aer,Aether Revolt,0.02,false,NearMint,German,20220130,0.49,1.96
1,"Ajani, Valiant Protector",185,aer,Aether Revolt,2.64,true,NearMint,German,20220130,1.5,1.5
1,"Ajani, the Greathearted",184,pwar,War of the Spark Promos,0.0,false,NearMint,German,20230425,0.0,0.0
1,"Akki Ronin",131,neo,Kamigawa: Neon Dynasty,0.07,false,NearMint,English,20220218,0.02,0.02
1,"Akki War Paint",132,neo,Kamigawa: Neon Dynasty,0.02,false,NearMint,English,20220218,0.3,0.3
2,"Akki War Paint",132,neo,Kamigawa: Neon Dynasty,0.07,true,NearMint,German,20220310,0.09,0.18
1,"Akki War Paint",132,neo,Kamigawa: Neon Dynasty,0.15,true,NearMint,German,20220223,0.09,0.09
4,"Akoum Hellhound",133,znr,Zendikar Rising,0.04,false,NearMint,German,20220205,0.05,0.2
1,"Alchemist's Gambit",140,vow,Innistrad: Crimson Vow,0.73,true,NearMint,German,20220130,0.5,0.5
1,"Alchemist's Greeting",116,emn,Eldritch Moon,0.01,false,NearMint,German,20220130,0.02,0.02
1,"Alchemist's Retrieval",47,vow,Innistrad: Crimson Vow,0.17,true,NearMint,German,20220129,0.14,0.14
1,"Alchemist's Retrieval",47,vow,Innistrad: Crimson Vow,0.06,false,NearMint,German,20220129,0.1,0.1
1,"Alesha, Who Smiles at Death",118,dmc,Dominaria United Commander,0.11,false,NearMint,German,20221017,0.12,0.12
2,"Alley Evasion",6,aer,Aether Revolt,0.02,false,NearMint,German,20220130,0.02,0.04
3,"Alley Strangler",52,aer,Aether Revolt,0.01,false,NearMint,German,20220130,0.09,0.27
1,"Alloy Animist",166,bro,The Brothers' War,0.02,false,NearMint,German,20230409,0.02,0.02
3,"Almighty Brushwagg",143,iko,Ikoria: Lair of Behemoths,0.1,false,NearMint,German,20220914,0.2,0.6
1,"Altar of the Goyf",220,mh2,Modern Horizons 2,0.02,true,NearMint,German,20220221,0.02,0.02
1,"Ambition's Cost",47,khc,Kaldheim Commander,0.02,false,NearMint,German,20220205,0.18,0.18
1,"Ambition's Cost",110,dmc,Dominaria United Commander,0.1,false,NearMint,German,20221017,0.14,0.14
2,"Ambitious Aetherborn",72,kld,Kaladesh,0.03,false,NearMint,German,20220130,0.05,0.1
1,"Ambitious Assault",133,neo,Kamigawa: Neon Dynasty,0.06,false,NearMint,German,20220914,0.02,0.02
1,"Ambitious Assault",133,neo,Kamigawa: Neon Dynasty,0.02,false,NearMint,German,20220218,0.02,0.02
1,"Ambitious Farmhand",2,mid,Innistrad: Midnight Hunt,0.14,false,NearMint,English,20220129,0.1,0.1
1,"Ambitious Farmhand",2,mid,Innistrad: Midnight Hunt,0.2,true,Mint,German,20221116,0.89,0.89
1,"Ambitious Farmhand",2,mid,Innistrad: Midnight Hunt,0.14,false,Excellent,English,20221116,0.1,0.1
1,"Ambitious Farmhand",2,mid,Innistrad: Midnight Hunt,0.14,false,Good,English,20221116,0.1,0.1
1,"Ambitious Farmhand",2,mid,Innistrad: Midnight Hunt,0.14,false,LightPlayed,English,20221116,0.1,0.1
1,"Ambitious Farmhand",2,mid,Innistrad: Midnight Hunt,0.14,false,Played,English,20221116,0.1,0.1
1,"Ambuscade",110,hou,Hour of Devastation,0.09,false,NearMint,German,20220130,0.1,0.1
1,"An Offer You Can't Refuse",51,snc,Streets of New Capenna,1.0,false,NearMint,German,20220914,2.88,2.88
1,"Anafenza, Kin-Tree Spirit",97,dmc,Dominaria United Commander,0.19,false,NearMint,German,20221017,0.5,0.5
4,"Anax, Hardened in the Forge",125,thb,Theros Beyond Death,0.13,false,NearMint,German,20220205,0.15,0.6
2,"Ancestor's Embrace",22,vow,Innistrad: Crimson Vow,0.02,false,NearMint,German,20220129,0.05,0.1
1,"Ancestral Anger",142,vow,Innistrad: Crimson Vow,0.08,false,NearMint,German,20220129,0.7,0.7
1,"Ancestral Blade",5,cmr,Commander Legends,0.05,false,NearMint,German,20220214,0.02,0.02
1,"Ancestral Katana",1,neo,Kamigawa: Neon Dynasty,0.07,false,NearMint,English,20220218,0.02,0.02
1,"Anchor to Reality",45,neo,Kamigawa: Neon Dynasty,0.34,true,NearMint,German,20220310,0.2,0.2
3,"Anchor to Reality",45,neo,Kamigawa: Neon Dynasty,0.07,false,NearMint,German,20220914,0.04,0.12
1,"Anchor to Reality",45,neo,Kamigawa: Neon Dynasty,0.14,false,NearMint,German,20220223,0.04,0.04
1,"Ancient Animus",215,cmr,Commander Legends,0.02,false,NearMint,German,20220212,0.03,0.03
2,"Ancient Brontodon",175,xln,Ixalan,0.03,false,NearMint,German,20220130,0.1,0.2
1,"Ancient Craving",117,voc,Crimson Vow Commander,0.04,false,NearMint,German,20220205,0.15,0.15
1,"Ancient Lumberknot",230,vow,Innistrad: Crimson Vow,0.06,false,NearMint,German,20220129,0.1,0.1
1,"Angel of Finality",17,khc,Kaldheim Commander,0.07,false,NearMint,German,20220205,0.12,0.12
1,"Angel of Flight Alabaster",77,voc,Crimson Vow Commander,0.28,false,NearMint,German,20220205,0.08,0.08
1,"Angel of Serenity",18,khc,Kaldheim Commander,0.15,false,NearMint,German,20220205,0.75,0.75
1,"Angelic Quartermaster",2,vow,Innistrad: Crimson Vow,0.22,false,NearMint,German,20220129,0.05,0.05
1,"Animus of Night's Reach",109,neo,Kamigawa: Neon Dynasty,0.04,false,NearMint,German,20220914,0.07,0.07
1,"Anje's Ravager",141,voc,Crimson Vow Commander,0.4,false,NearMint,German,20220205,0.55,0.55
1,"Anointed Deacon",89,xln,Ixalan,0.02,false,NearMint,German,20220130,0.02,0.02
1,"Anowon, the Ruin Sage",118,voc,Crimson Vow Commander,0.3,false,NearMint,German,20220205,0.92,0.92
1,"Anowon, the Ruin Thief",1,znc,Zendikar Rising Commander,0.75,true,NearMint,German,20220205,0.53,0.53
1,"Anticipate",40,iko,Ikoria: Lair of Behemoths,0.11,false,NearMint,German,20220223,0.02,0.02
1,"Appetite for the Unnatural",141,kld,Kaladesh,0.05,false,NearMint,German,20220130,0.04,0.04
1,"Apprentice Sharpshooter",185,vow,Innistrad: Crimson Vow,0.02,false,NearMint,German,20220129,0.02,0.02
1,"Aquamoeba",38,dmr,Dominaria Remastered,0.05,false,NearMint,German,20230409,0.1,0.1
2,"Aqueous Form",56,cmr,Commander Legends,0.08,false,NearMint,German,20220212,0.2,0.4
1,"Arachnoform",159,khm,Kaldheim,0.03,false,NearMint,German,20220129,0.08,0.08
2,"Arborback Stomper",142,kld,Kaladesh,0.01,false,NearMint,German,20220130,0.01,0.02
1,"Arcane Artisan",36,khc,Kaldheim Commander,0.3,false,NearMint,German,20220205,0.25,0.25
1,"Arcane Denial",102,voc,Crimson Vow Commander,0.86,false,NearMint,German,20220205,3.48,3.48
1,"Arcane Sanctum",196,dmc,Dominaria United Commander,0.18,false,NearMint,German,20221016,0.25,0.25
1,"Arcane Signet",159,voc,Crimson Vow Commander,0.96,false,NearMint,German,20220205,0.6,0.6
1,"Arcane Signet",159,voc,Crimson Vow Commander,0.7,false,NearMint,German,20220205,0.6,0.6
1,"Arcane Signet",96,khc,Kaldheim Commander,0.72,false,NearMint,German,20220205,0.28,0.28
1,"Arcane Signet",96,khc,Kaldheim Commander,0.72,false,NearMint,German,20220205,0.28,0.28
1,"Arcane Signet",106,znc,Zendikar Rising Commander,1.0,false,NearMint,German,20220205,0.25,0.25
1,"Arcane Signet",106,znc,Zendikar Rising Commander,1.0,false,NearMint,German,20220205,0.25,0.25
1,"Arcane Signet",297,cmr,Commander Legends,0.99,false,NearMint,German,20220214,0.34,0.34
1,"Arcane Signet",177,dmc,Dominaria United Commander,0.91,false,NearMint,German,20221016,0.43,0.43
1,"Arcane Signet",177,dmc,Dominaria United Commander,0.82,false,NearMint,German,20221017,0.43,0.43
1,"Arcbound Mouser",3,mh2,Modern Horizons 2,0.11,false,NearMint,German,20220221,0.03,0.03
2,"Arcbound Prototype",4,mh2,Modern Horizons 2,0.19,false,NearMint,German,20220221,0.24,0.48
1,"Arcbound Slasher",111,mh2,Modern Horizons 2,0.19,false,NearMint,German,20220221,0.06,0.06
1,"Arcbound Tracker",112,mh2,Modern Horizons 2,0.11,true,NearMint,German,20220221,0.49,0.49
1,"Arcbound Tracker",112,mh2,Modern Horizons 2,0.1,false,NearMint,German,20220221,0.25,0.25
1,"Arcbound Whelp",113,mh2,Modern Horizons 2,0.02,false,NearMint,German,20220221,0.02,0.02
1,"Archelos, Lagoon Mystic",140,dmc,Dominaria United Commander,0.15,false,NearMint,German,20221016,0.18,0.18
1,"Archive Haunt",68,mid,Innistrad: Midnight Hunt,0.37,false,NearMint,German,20220129,0.05,0.05
1,"Archmage Emeritus",37,pstx,Strixhaven: School of Mages Promos,3.45,false,NearMint,German,20220914,5.0,5.0
3,"Archon of Sun's Grace",3,thb,Theros Beyond Death,0.5,false,NearMint,German,20220205,0.36,1.08
1,"Arctic Treeline",249,khm,Kaldheim,0.22,false,NearMint,German,20220130,0.34,0.34
1,"Ardent Elementalist",128,mid,Innistrad: Midnight Hunt,0.11,false,NearMint,German,20220129,0.12,0.12
1,"Argivian Cavalier",4,dmu,Dominaria United,0.05,false,NearMint,German,20220916,0.05,0.05
1,"Argivian Cavalier",4,dmu,Dominaria United,0.03,false,NearMint,German,20220914,0.05,0.05
1,"Argothian Sprite",168,bro,The Brothers' War,0.02,false,NearMint,German,20230409,0.05,0.05
1,"Arlinn, the Moon's Fury",279,mid,Innistrad: Midnight Hunt,10.0,false,NearMint,German,20220130,4.41,4.41
1,"Arlinn, the Pack's Hope",279,mid,Innistrad: Midnight Hunt,10.0,false,NearMint,German,20220130,4.41,4.41
1,"Arm the Cathars",270,dbl,Innistrad: Double Feature,0.0,false,NearMint,German,20220129,0.2,0.2
1,"Armguard Familiar",46,neo,Kamigawa: Neon Dynasty,0.06,false,NearMint,German,20220914,0.15,0.15
1,"Armguard Familiar",46,neo,Kamigawa: Neon Dynasty,0.03,false,NearMint,German,20220218,0.15,0.15
1,"Armillary Sphere",298,cmr,Commander Legends,0.05,false,NearMint,German,20220214,0.05,0.05
2,"Armorcraft Judge",144,kld,Kaladesh,0.02,false,NearMint,English,20220130,0.35,0.7
1,"Armorcraft Judge",60,znc,Zendikar Rising Commander,0.1,false,NearMint,German,20220205,0.09,0.09
1,"Arni Brokenbrow",120,khm,Kaldheim,0.05,false,NearMint,German,20220914,0.14,0.14
1,"Aron, Benalia's Ruin",292,dmu,Dominaria United,0.06,false,NearMint,German,20220914,0.07,0.07
1,"Aron, Benalia's Ruin",193,dmu,Dominaria United,0.1,false,NearMint,German,20220916,0.31,0.31
1,"Aron, Benalia's Ruin",193,dmu,Dominaria United,0.08,false,NearMint,German,20220920,0.31,0.31
1,"Aron, Benalia's Ruin",292,dmu,Dominaria United,0.04,false,NearMint,German,20221022,0.07,0.07
1,"Arrester's Admonition",31,rna,Ravnica Allegiance,0.02,false,NearMint,German,20220130,0.19,0.19
3,"Arrester's Zeal",4,rna,Ravnica Allegiance,0.02,false,NearMint,German,20220130,0.02,0.06
2,"Arrogant Poet",63,stx,Strixhaven: School of Mages,0.04,false,NearMint,German,20220129,0.04,0.08
1,"Arterial Alchemy",23,voc,Crimson Vow Commander,0.1,false,NearMint,German,20220205,0.25,0.25
1,"Artillery Blast",6,dmu,Dominaria United,0.08,false,NearMint,German,20220916,0.02,0.02
1,"Artillery Blast",6,dmu,Dominaria United,0.01,false,NearMint,German,20220923,0.02,0.02
1,"Arvad the Cursed",141,dmc,Dominaria United Commander,0.18,false,NearMint,German,20221017,0.07,0.07
1,"Ascendant Packleader",186,vow,Innistrad: Crimson Vow,1.08,false,NearMint,German,20220129,0.55,0.55
1,"Ashaya, Soul of the Wild",179,znr,Zendikar Rising,5.89,false,NearMint,German,20220225,7.91,7.91
1,"Ashling the Pilgrim",119,dmc,Dominaria United Commander,0.15,false,NearMint,German,20221017,0.3,0.3
1,"Ashnod's Intervention",85,bro,The Brothers' War,0.16,false,NearMint,German,20230409,0.09,0.09
1,"Asmodeus the Archfiend",88,afr,Adventures in the Forgotten Realms,0.3,false,NearMint,German,20220914,0.2,0.2
2,"Assassin's Ink",87,neo,Kamigawa: Neon Dynasty,0.02,false,NearMint,German,20220914,0.02,0.04
1,"Assassin's Ink",87,neo,Kamigawa: Neon Dynasty,0.16,false,NearMint,German,20220218,0.02,0.02
1,"Atla Palani, Nest Tender",142,dmc,Dominaria United Commander,0.19,false,NearMint,German,20221016,0.39,0.39
1,"Attended Socialite",133,snc,Streets of New Capenna,0.02,false,NearMint,German,20220914,0.1,0.1
2,"Atzocan Archer",176,xln,Ixalan,0.1,false,NearMint,German,20220130,0.02,0.04
3,"Audacious Infiltrator",7,aer,Aether Revolt,0.05,false,NearMint,German,20220130,0.02,0.06
1,"Audacity",169,bro,The Brothers' War,0.12,false,NearMint,German,20230409,0.19,0.19
3,"Augmenting Automaton",143,aer,Aether Revolt,0.05,false,NearMint,German,20220130,0.03,0.09
2,"Automated Artificer",239,neo,Kamigawa: Neon Dynasty,0.09,false,NearMint,German,20220914,0.02,0.04
1,"Automated Artificer",239,neo,Kamigawa: Neon Dynasty,0.03,false,NearMint,German,20220223,0.02,0.02
1,"Automated Artificer",239,neo,Kamigawa: Neon Dynasty,0.04,false,NearMint,German,20220218,0.02,0.02
1,"Automatic Librarian",229,dmu,Dominaria United,0.01,false,NearMint,German,20220914,0.02,0.02
1,"Avacyn's Judgment",142,voc,Crimson Vow Commander,0.05,false,NearMint,German,20220205,0.03,0.03
1,"Avacynian Missionaries",6,soi,Shadows over Innistrad,0.04,false,NearMint,German,20220130,0.07,0.07
2,"Avarax",112,dmr,Dominaria Remastered,0.02,false,NearMint,German,20230409,0.05,0.1
2,"Aven Fateshaper",40,dmr,Dominaria Remastered,0.05,false,NearMint,German,20230409,0.02,0.04
1,"Aven Fisher",41,dmr,Dominaria Remastered,0.02,false,NearMint,German,20230409,0.02,0.02
1,"Aven Gagglemaster",5,m21,Core Set 2021,0.02,false,NearMint,English,20220220,0.18,0.18
1,"Aven Gagglemaster",5,m21,Core Set 2021,0.02,false,NearMint,English,20220214,0.18,0.18
1,"Aven Heartstabber",166,snc,Streets of New Capenna,0.04,false,NearMint,German,20220914,0.19,0.19
1,"Aven of Enduring Hope",5,hou,Hour of Devastation,0.02,false,NearMint,German,20220130,0.1,0.1
1,"Avenger of Zendikar",422,cmr,Commander Legends,5.98,false,NearMint,German,20220220,4.95,4.95
3,"Aviary Mechanic",6,kld,Kaladesh,0.33,false,NearMint,German,20220130,0.13,0.39
3,"Awoken Demon",100,mid,Innistrad: Midnight Hunt,0.15,false,NearMint,German,20220129,0.05,0.15
2,"Axebane Beast",121,rna,Ravnica Allegiance,0.02,false,NearMint,German,20220130,0.01,0.02
1,"Axgard Cavalry",121,khm,Kaldheim,0.08,false,NearMint,German,20220129,0.05,0.05
4,"Axgard Cavalry",121,khm,Kaldheim,0.19,false,NearMint,German,20220914,0.05,0.2
1,"Azorius Chancery",171,voc,Crimson Vow Commander,0.08,false,NearMint,German,20220205,0.05,0.05
1,"Azorius Chancery",106,khc,Kaldheim Commander,0.04,false,NearMint,German,20220205,0.15,0.15
5,"Azorius Guildgate",244,rna,Ravnica Allegiance,0.02,false,NearMint,German,20220130,0.04,0.2
1,"Azorius Guildgate",107,khc,Kaldheim Commander,0.02,false,NearMint,German,20220205,0.19,0.19
1,"Azorius Knight-Arbiter",154,rna,Ravnica Allegiance,0.02,false,NearMint,German,20220130,0.1,0.1
1,"Azorius Locket",160,voc,Crimson Vow Commander,0.02,false,NearMint,German,20220205,0.04,0.04
1,"Azorius Signet",161,voc,Crimson Vow Commander,0.35,false,NearMint,German,20220205,0.04,0.04
1,"Azorius Signet",97,khc,Kaldheim Commander,0.25,false,NearMint,German,20220205,0.45,0.45
1,"Azusa's Many Journeys",172,neo,Kamigawa: Neon Dynasty,0.18,false,NearMint,German,20220914,0.16,0.16
1,"Azusa, Lost but Seeking",173,m21,Core Set 2021,5.44,false,NearMint,German,20220309,3.89,3.89
1,"Backstreet Bruiser",35,snc,Streets of New Capenna,0.02,false,NearMint,German,20220914,0.02,0.02
1,"Backup Agent",2,snc,Streets of New Capenna,0.02,false,NearMint,German,20220914,0.02,0.02
1,"Bad River",197,dmc,Dominaria United Commander,0.65,false,NearMint,German,20221016,0.76,0.76
1,"Bag End Porter",153,ltr,The Lord of the Rings: Tales of Middle-earth,0.02,false,NearMint,English,20230701,0.02,0.02
1,"Baird, Argivian Recruiter",294,dmu,Dominaria United,0.06,false,NearMint,German,20220914,0.1,0.1
1,"Baleful Strix",143,dmc,Dominaria United Commander,1.82,false,NearMint,German,20221016,1.44,1.44
1,"Ballista Watcher",143,vow,Innistrad: Crimson Vow,0.02,false,NearMint,German,20220129,0.02,0.02
1,"Ballista Wielder",143,vow,Innistrad: Crimson Vow,0.02,false,NearMint,German,20220129,0.02,0.02
1,"Ballroom Brawlers",3,snc,Streets of New Capenna,0.12,false,NearMint,German,20220914,0.02,0.02
1,"Balmor, Battlemage Captain",196,dmu,Dominaria United,0.09,false,NearMint,German,20221022,0.2,0.2
2,"Bamboo Grove Archer",173,neo,Kamigawa: Neon Dynasty,0.25,false,NearMint,German,20220914,0.02,0.04
1,"Bamboo Grove Archer",173,neo,Kamigawa: Neon Dynasty,0.08,false,NearMint,German,20220218,0.02,0.02
2,"Bane's Invoker",7,clb,Commander Legends: Battle for Baldur's Gate,0.15,false,NearMint,German,20220914,0.02,0.04
1,"Baneblade Scoundrel",289,mid,Innistrad: Midnight Hunt,0.02,false,NearMint,German,20220129,0.06,0.06
1,"Baneclaw Marauder",289,mid,Innistrad: Midnight Hunt,0.02,false,NearMint,German,20220129,0.06,0.06
1,"Banishing Light",19,khc,Kaldheim Commander,0.04,false,NearMint,German,20220205,0.25,0.25
4,"Banishing Light",4,thb,Theros Beyond Death,0.05,false,NearMint,German,20220205,0.02,0.08
1,"Banishing Light",11,znc,Zendikar Rising Commander,0.07,false,NearMint,German,20220205,0.09,0.09
2,"Banishing Slash",3,neo,Kamigawa: Neon Dynasty,0.05,false,NearMint,German,20220914,0.06,0.12
1,"Banishing Slash",3,neo,Kamigawa: Neon Dynasty,0.17,false,NearMint,German,20220218,0.06,0.06
1,"Bannerhide Krushok",149,mh2,Modern Horizons 2,0.04,false,NearMint,German,20220221,0.02,0.02
1,"Barkweave Crusher",154,dmu,Dominaria United,0.05,false,NearMint,German,20220915,0.02,0.02
1,"Barkweave Crusher",154,dmu,Dominaria United,0.02,false,NearMint,German,20221022,0.02,0.02
1,"Barony Vampire",85,m20,Core Set 2020,0.01,false,NearMint,German,20220914,0.02,0.02
1,"Barricade Breaker",144,aer,Aether Revolt,0.03,false,NearMint,German,20220130,0.05,0.05
1,"Barricade Breaker",144,aer,Aether Revolt,0.02,false,NearMint,German,20220130,0.05,0.05
1,"Basalt Ravager",122,khm,Kaldheim,0.04,false,NearMint,German,20220129,0.02,0.02
1,"Basilica Bell-Haunt",156,rna,Ravnica Allegiance,0.14,false,NearMint,German,20220130,0.04,0.04
1,"Bastion Enforcer",8,aer,Aether Revolt,0.05,false,NearMint,German,20220130,0.02,0.02
1,"Bastion Inventor",30,aer,Aether Revolt,0.05,false,NearMint,German,20220130,0.01,0.01
2,"Bastion Inventor",30,aer,Aether Revolt,0.04,false,NearMint,German,20220130,0.01,0.02
2,"Bastion Mastodon",197,kld,Kaladesh,0.03,false,NearMint,German,20220130,0.01,0.02
1,"Bastion of Remembrance",73,iko,Ikoria: Lair of Behemoths,2.08,false,NearMint,German,20220223,1.57,1.57
3,"Battle Plan",114,mh2,Modern Horizons 2,0.02,false,NearMint,German,20220221,0.02,0.06
2,"Battle-Rage Blessing",80,dmu,Dominaria United,0.04,false,NearMint,German,20220914,0.02,0.04
1,"Battle-Rage Blessing",80,dmu,Dominaria United,0.04,false,NearMint,German,20220915,0.02,0.02
1,"Battlefield Butcher",86,bro,The Brothers' War,0.12,false,NearMint,German,20230409,0.02,0.02
1,"Battlefield Forge",198,dmc,Dominaria United Commander,0.55,false,NearMint,German,20221017,1.55,1.55
1,"Battlefield Promotion",5,war,War of the Spark,0.02,false,NearMint,German,20220129,0.02,0.02
1,"Battlefield Raptor",3,khm,Kaldheim,0.05,false,NearMint,German,20220129,0.1,0.1
1,"Battlefly Swarm",81,dmu,Dominaria United,0.06,false,NearMint,German,20220919,0.12,0.12
1,"Battlewing Mystic",43,dmu,Dominaria United,0.08,false,NearMint,German,20220915,0.05,0.05
1,"Battlewing Mystic",43,dmu,Dominaria United,0.06,false,NearMint,German,20220920,0.05,0.05
1,"Beaming Defiance",9,stx,Strixhaven: School of Mages,0.02,false,NearMint,German,20220129,0.13,0.13
1,"Beamtown Beatstick",131,mom,March of the Machine,0.07,false,NearMint,English,20230912,0.19,0.19
1,"Beanstalk Giant // Fertile Footsteps",61,znc,Zendikar Rising Commander,0.15,false,NearMint,German,20220205,0.18,0.18
1,"Bearer of Memory",174,neo,Kamigawa: Neon Dynasty,0.15,true,NearMint,German,20220914,0.1,0.1
1,"Bearer of Memory",174,neo,Kamigawa: Neon Dynasty,0.02,false,NearMint,German,20220914,0.04,0.04
1,"Bearer of Memory",174,neo,Kamigawa: Neon Dynasty,0.03,false,NearMint,German,20220218,0.04,0.04
1,"Beast Token (4/4)",9,tmh2,Modern Horizons 2 Tokens,0.04,false,NearMint,German,20220221,0.38,0.38
1,"Beast Whisperer",54,khc,Kaldheim Commander,0.99,false,NearMint,German,20220205,1.9,1.9
1,"Beast Within",157,c19,Commander 2019,0.98,false,NearMint,German,20220220,1.31,1.31
1,"Beast Within",129,dmc,Dominaria United Commander,0.84,false,NearMint,German,20221016,0.94,0.94
1,"Beckoning Will-o'-Wisp",10,clb,Commander Legends: Battle for Baldur's Gate,0.14,true,NearMint,German,20220914,0.09,0.09
1,"Beckoning Will-o'-Wisp",10,clb,Commander Legends: Battle for Baldur's Gate,0.1,false,NearMint,German,20220914,0.25,0.25
1,"Bedevil",144,dmc,Dominaria United Commander,0.47,false,NearMint,German,20221017,0.83,0.83
4,"Befriending the Moths",4,neo,Kamigawa: Neon Dynasty,0.05,false,NearMint,German,20220310,0.07,0.28
1,"Befriending the Moths",4,neo,Kamigawa: Neon Dynasty,0.05,false,NearMint,German,20220223,0.07,0.07
1,"Befriending the Moths",4,neo,Kamigawa: Neon Dynasty,0.05,false,NearMint,German,20220218,0.07,0.07
1,"Behold the Multiverse",46,khm,Kaldheim,0.12,false,NearMint,German,20220205,0.23,0.23
2,"Behold the Multiverse",46,khm,Kaldheim,0.12,false,NearMint,German,20220205,0.23,0.46
1,"Bell Borca, Spectral Sergeant",145,dmc,Dominaria United Commander,0.1,false,NearMint,German,20221017,0.07,0.07
1,"Belligerent Brontodon",218,xln,Ixalan,0.02,false,NearMint,German,20220130,0.1,0.1
3,"Belligerent Guest",144,vow,Innistrad: Crimson Vow,0.02,false,NearMint,German,20220129,0.02,0.06
1,"Belligerent Guest",144,vow,Innistrad: Crimson Vow,0.11,true,NearMint,German,20220129,0.5,0.5
1,"Bellowing Aegisaur",4,xln,Ixalan,0.08,false,NearMint,German,20220130,0.18,0.18
1,"Bellowing Saddlebrute",64,ktk,Khans of Tarkir,0.02,false,NearMint,German,20220130,0.05,0.05
1,"Beloved Beggar",3,mid,Innistrad: Midnight Hunt,0.01,false,NearMint,German,20220129,0.04,0.04
1,"Benalish Faithbonder",7,dmu,Dominaria United,0.01,false,NearMint,German,20220914,0.02,0.02
1,"Benalish Faithbonder",7,dmu,Dominaria United,0.03,false,NearMint,German,20220915,0.02,0.02
1,"Benalish Faithbonder",7,dmu,Dominaria United,0.01,false,NearMint,German,20220923,0.02,0.02
1,"Benalish Sleeper",8,dmu,Dominaria United,0.04,false,NearMint,German,20220914,0.05,0.05
1,"Benalish Sleeper",8,dmu,Dominaria United,0.12,false,NearMint,German,20220920,0.05,0.05
1,"Benalish Sleeper",8,dmu,Dominaria United,0.05,false,NearMint,German,20221022,0.05,0.05
1,"Beneath the Sands",111,hou,Hour of Devastation,0.02,false,NearMint,German,20220130,0.02,0.02
1,"Benevolent Blessing",13,cmr,Commander Legends,0.07,false,NearMint,German,20220212,0.11,0.11
1,"Benevolent Offering",78,voc,Crimson Vow Commander,0.22,false,NearMint,German,20220205,0.37,0.37
1,"Bewitching Leechcraft",41,ltr,The Lord of the Rings: Tales of Middle-earth,0.03,false,NearMint,English,20230701,0.06,0.06
1,"Big Score",102,snc,Streets of New Capenna,0.14,false,NearMint,German,20220914,1.27,1.27
1,"Bilbo, Retired Burglar",196,ltr,The Lord of the Rings: Tales of Middle-earth,0.08,false,NearMint,English,20230701,0.07,0.07
1,"Binding the Old Gods",206,khm,Kaldheim,0.23,false,NearMint,German,20220129,0.65,0.65
1,"Binding the Old Gods",206,khm,Kaldheim,0.42,false,NearMint,German,20220205,0.65,0.65
2,"Biogenic Upgrade",123,rna,Ravnica Allegiance,0.14,false,NearMint,German,20220205,0.02,0.04
1,"Biolume Egg",316,dbl,Innistrad: Double Feature,0.0,false,NearMint,German,20220129,0.13,0.13
1,"Biolume Serpent",316,dbl,Innistrad: Double Feature,0.0,false,NearMint,German,20220129,0.13,0.13
1,"Bird Admirer",169,mid,Innistrad: Midnight Hunt,0.1,false,NearMint,German,20220129,0.02,0.02
1,"Bird Admirer",298,mid,Innistrad: Midnight Hunt,0.02,false,NearMint,German,20220129,0.05,0.05
1,"Bird Token",2,tdmu,Dominaria United Tokens,0.07,false,NearMint,German,20220916,0.1,0.1
1,"Bird Token",2,tdmu,Dominaria United Tokens,0.02,false,NearMint,German,20220919,0.1,0.1
1,"Bite Down",155,dmu,Dominaria United,0.06,false,NearMint,German,20220915,0.05,0.05
1,"Bite Down",155,dmu,Dominaria United,0.06,false,NearMint,German,20220919,0.05,0.05
1,"Biting-Palm Ninja",88,pneo,Kamigawa: Neon Dynasty Promos,0.75,true,NearMint,German,20220914,0.5,0.5
1,"Biting-Palm Ninja",88,neo,Kamigawa: Neon Dynasty,0.54,false,NearMint,German,20220218,0.05,0.05
1,"Bitterbow Sharpshooters",112,hou,Hour of Devastation,0.01,false,NearMint,German,20220130,0.02,0.02
2,"Black Dragon",90,afr,Adventures in the Forgotten Realms,0.1,false,NearMint,German,20220914,0.11,0.22
1,"Blackblade Reforged",107,znc,Zendikar Rising Commander,0.33,false,NearMint,German,20220205,0.26,0.26
1,"Blackblade Reforged",178,dmc,Dominaria United Commander,0.24,false,NearMint,German,20221017,0.44,0.44
2,"Blackbloom Bog",91,znr,Zendikar Rising,0.08,false,NearMint,German,20220205,0.13,0.26
2,"Blackbloom Rogue",91,znr,Zendikar Rising,0.08,false,NearMint,German,20220205,0.13,0.26
1,"Blacksmith's Skill",6,mh2,Modern Horizons 2,0.12,false,NearMint,German,20220914,0.19,0.19
1,"Blacksmith's Skill",381,mh2,Modern Horizons 2,0.02,false,NearMint,German,20220221,0.19,0.19
1,"Blade of the Oni",377,neo,Kamigawa: Neon Dynasty,4.21,false,NearMint,German,20220310,0.99,0.99
1,"Bladebrand",87,mid,Innistrad: Midnight Hunt,0.02,false,NearMint,German,20220129,0.02,0.02
1,"Bladegriff Prototype",300,cmr,Commander Legends,0.11,false,NearMint,German,20220214,0.25,0.25
1,"Bladestitched Skaab",212,mid,Innistrad: Midnight Hunt,0.04,false,NearMint,German,20220129,0.2,0.2
1,"Bladewing, Deathless Tyrant",9,dmc,Dominaria United Commander,1.73,false,NearMint,German,20221017,0.6,0.6
2,"Blanchwood Armor",171,bro,The Brothers' War,0.14,false,NearMint,German,20230409,0.05,0.1
1,"Blanchwood Prowler",172,bro,The Brothers' War,0.08,false,NearMint,German,20230409,0.12,0.12
1,"Blasphemous Act",143,voc,Crimson Vow Commander,1.0,false,NearMint,German,20220205,1.98,1.98
1,"Blazing Volley",107,iko,Ikoria: Lair of Behemoths,0.03,false,NearMint,German,20220223,0.14,0.14
1,"Blessed Defiance",5,mid,Innistrad: Midnight Hunt,0.03,false,NearMint,German,20220129,0.02,0.02
1,"Blessed Hippogriff // Tyr's Blessing",11,clb,Commander Legends: Battle for Baldur's Gate,0.15,false,NearMint,German,20220914,0.02,0.02
2,"Blight Keeper",92,xln,Ixalan,0.04,false,NearMint,German,20220130,0.05,0.1
1,"Blight Pile",82,dmu,Dominaria United,0.09,false,NearMint,German,20220914,0.02,0.02
1,"Blight Pile",82,dmu,Dominaria United,0.09,false,NearMint,German,20221022,0.02,0.02
1,"Blighted Woodland",121,znc,Zendikar Rising Commander,0.25,false,NearMint,German,20220205,0.09,0.09
1,"Blinding Fog",177,xln,Ixalan,0.1,false,NearMint,German,20220130,0.05,0.05
1,"Blood Age General",93,stx,Strixhaven: School of Mages,0.02,false,NearMint,German,20220914,0.1,0.1
1,"Blood Artist",119,voc,Crimson Vow Commander,3.0,false,NearMint,German,20220205,1.88,1.88
1,"Blood Burglar",88,m20,Core Set 2020,0.21,false,NearMint,German,20220129,0.08,0.08
1,"Blood Crypt",245,rna,Ravnica Allegiance,14.41,false,NearMint,German,20220130,18.7,18.7
1,"Blood Fountain",95,vow,Innistrad: Crimson Vow,0.15,false,NearMint,German,20220129,0.53,0.53
2,"Blood Glutton",90,m21,Core Set 2021,0.01,false,NearMint,German,20220914,0.02,0.04
1,"Blood Pact",88,mid,Innistrad: Midnight Hunt,0.02,false,NearMint,German,20220129,0.13,0.13
3,"Blood Petal Celebrant",303,vow,Innistrad: Crimson Vow,0.04,false,NearMint,German,20220129,0.02,0.06
1,"Blood Servitor",252,vow,Innistrad: Crimson Vow,0.24,false,NearMint,German,20220129,0.1,0.1
1,"Bloodbat Summoner",137,vow,Innistrad: Crimson Vow,0.47,false,NearMint,German,20220129,0.27,0.27
3,"Bloodchief's Thirst",94,znr,Zendikar Rising,0.49,false,NearMint,German,20220205,0.08,0.24
3,"Bloodcrazed Socialite",288,vow,Innistrad: Crimson Vow,0.05,false,NearMint,German,20220129,0.02,0.06
1,"Bloodfire Mentor",102,ktk,Khans of Tarkir,0.02,false,NearMint,English,20220214,0.04,0.04
1,"Bloodline Necromancer",120,voc,Crimson Vow Commander,0.16,false,NearMint,German,20220205,0.25,0.25
1,"Bloodlord of Vaasgoth",121,voc,Crimson Vow Commander,0.15,false,NearMint,German,20220205,0.65,0.65
1,"Bloodsoaked Altar",90,m20,Core Set 2020,0.05,false,NearMint,German,20220129,0.1,0.1
2,"Bloodsoaked Reveler",295,vow,Innistrad: Crimson Vow,0.08,false,NearMint,German,20220129,0.03,0.06
1,"Bloodsoaked Reveler",295,vow,Innistrad: Crimson Vow,0.17,true,NearMint,German,20220129,0.2,0.2
1,"Bloodsworn Knight",97,vow,Innistrad: Crimson Vow,0.02,false,NearMint,German,20220129,0.15,0.15
1,"Bloodsworn Squire",97,vow,Innistrad: Crimson Vow,0.02,false,NearMint,German,20220129,0.15,0.15
1,"Bloodsworn Steward",144,voc,Crimson Vow Commander,0.2,false,NearMint,German,20220205,0.15,0.15
1,"Bloodtithe Collector",90,mid,Innistrad: Midnight Hunt,0.02,false,NearMint,German,20220129,0.13,0.13
1,"Bloodtithe Harvester",232,vow,Innistrad: Crimson Vow,0.06,false,NearMint,German,20220205,0.22,0.22
1,"Bloodtracker",122,voc,Crimson Vow Commander,0.1,false,NearMint,German,20220205,0.15,0.15
2,"Blossom-Clad Werewolf",226,vow,Innistrad: Crimson Vow,0.02,false,NearMint,German,20220129,0.02,0.04
1,"Blossoming Calm",7,mh2,Modern Horizons 2,0.08,false,NearMint,German,20220221,0.1,0.1
1,"Blossoming Sands",244,iko,Ikoria: Lair of Behemoths,0.07,false,NearMint,German,20220223,0.1,0.1
1,"Blossoming Sands",265,neo,Kamigawa: Neon Dynasty,0.04,false,NearMint,German,20220218,0.04,0.04
1,"Blossoming Sands",231,ktk,Khans of Tarkir,0.13,false,NearMint,English,20220214,0.05,0.05
1,"Blossoming Sands",268,mom,March of the Machine,0.04,false,NearMint,English,20230912,0.08,0.08
1,"Blur",58,clb,Commander Legends: Battle for Baldur's Gate,0.1,false,NearMint,German,20220914,0.23,0.23
1,"Blur of Blades",84,hou,Hour of Devastation,0.02,false,NearMint,German,20220130,0.02,0.02
2,"Boarded Window",253,vow,Innistrad: Crimson Vow,0.1,false,NearMint,German,20220129,0.02,0.04
1,"Boarding Party",163,cmr,Commander Legends,0.19,false,NearMint,German,20220212,0.13,0.13
1,"Body Dropper",168,snc,Streets of New Capenna,0.04,false,NearMint,German,20220914,0.1,0.1
1,"Bog Badger",156,dmu,Dominaria United,0.03,false,NearMint,German,20220915,0.02,0.02
1,"Bojuka Bog",199,dmc,Dominaria United Commander,0.71,false,NearMint,German,20221017,1.28,1.28
1,"Bolrac-Clan Crusher",159,rna,Ravnica Allegiance,0.02,false,NearMint,German,20220130,0.02,0.02
1,"Bomat Bazaar Barge",198,kld,Kaladesh,0.15,false,NearMint,German,20220130,0.02,0.02
1,"Bonded Horncrest",133,xln,Ixalan,0.02,false,NearMint,German,20220130,0.02,0.02
2,"Bone Shards",76,mh2,Modern Horizons 2,0.06,false,NearMint,German,20220914,0.18,0.36
3,"Bone to Ash",48,m20,Core Set 2020,0.1,false,NearMint,German,20220129,0.06,0.18
4,"Bonecrusher Giant // Stomp",115,eld,Throne of Eldraine,0.65,false,NearMint,German,20220205,0.53,2.12
1,"Bonehoard",108,znc,Zendikar Rising Commander,0.12,false,NearMint,German,20220205,0.18,0.18
1,"Boneyard Parley",94,xln,Ixalan,0.33,false,NearMint,German,20220130,0.29,0.29
1,"Bontu's Monument",179,dmc,Dominaria United Commander,1.66,false,NearMint,German,20221017,4.2,4.2
1,"Borderland Marauder",11,w16,Welcome Deck 2016,0.25,false,NearMint,German,20220130,0.25,0.25
1,"Boreas Charger",79,voc,Crimson Vow Commander,0.32,false,NearMint,German,20220205,0.09,0.09
1,"Born to Drive",6,neo,Kamigawa: Neon Dynasty,0.05,false,NearMint,German,20220914,0.02,0.02
1,"Born to Drive",6,neo,Kamigawa: Neon Dynasty,0.16,false,NearMint,German,20220218,0.02,0.02
1,"Boromir, Warden of the Tower",4,ltr,The Lord of the Rings: Tales of Middle-earth,3.27,false,NearMint,English,20230701,2.71,2.71
1,"Boros Garrison",122,znc,Zendikar Rising Commander,0.09,false,NearMint,German,20220205,0.36,0.36
1,"Boros Garrison",200,dmc,Dominaria United Commander,0.12,false,NearMint,German,20221017,0.13,0.13
1,"Boros Guildgate",123,znc,Zendikar Rising Commander,0.05,false,NearMint,German,20220205,0.15,0.15
2,"Borrowed Time",6,mid,Innistrad: Midnight Hunt,0.11,false,NearMint,German,20220129,0.02,0.04
1,"Bortuk Bonerattle",296,dmu,Dominaria United,0.04,false,NearMint,German,20220914,0.15,0.15
1,"Bortuk Bonerattle",296,dmu,Dominaria United,0.03,false,NearMint,German,20220916,0.15,0.15
1,"Bortuk Bonerattle",197,dmu,Dominaria United,0.09,false,NearMint,German,20220915,0.05,0.05
1,"Bortuk Bonerattle",197,dmu,Dominaria United,0.01,false,NearMint,German,20220923,0.05,0.05
2,"Boseiju Reaches Skyward",177,neo,Kamigawa: Neon Dynasty,0.01,false,NearMint,German,20220914,0.12,0.24
2,"Boseiju Reaches Skyward",177,neo,Kamigawa: Neon Dynasty,0.06,false,NearMint,German,20220227,0.12,0.24
1,"Boseiju, Who Endures",266,neo,Kamigawa: Neon Dynasty,28.19,false,NearMint,German,20220218,39.75,39.75
2,"Bottle Golems",222,mh2,Modern Horizons 2,0.35,false,NearMint,German,20220221,0.02,0.04
1,"Bounding Wolf",170,mid,Innistrad: Midnight Hunt,0.2,true,NearMint,German,20220129,0.05,0.05
1,"Bounty of Skemfar",12,khc,Kaldheim Commander,0.1,false,NearMint,German,20220205,0.23,0.23
1,"Brago, King Eternal",82,khc,Kaldheim Commander,0.4,false,NearMint,German,20220205,1.0,1.0
1,"Braids's Frightful Return",85,dmu,Dominaria United,0.13,true,NearMint,German,20220915,0.35,0.35
1,"Braids, Arisen Nightmare",288,dmu,Dominaria United,3.64,true,NearMint,German,20221016,6.95,6.95
1,"Braids, Arisen Nightmare",84,dmu,Dominaria United,1.92,false,NearMint,German,20221022,3.11,3.11
1,"Braids, Cabal Minion",273,mh2,Modern Horizons 2,0.2,false,NearMint,German,20220221,0.1,0.1
1,"Brainstone",426,mh2,Modern Horizons 2,0.14,false,NearMint,German,20220221,0.13,0.13
1,"Bramble Armor",188,vow,Innistrad: Crimson Vow,0.04,false,NearMint,German,20220129,0.02,0.02
2,"Bramble Armor",171,mid,Innistrad: Midnight Hunt,0.17,false,NearMint,German,20220129,0.02,0.04
1,"Bramble Wurm",189,vow,Innistrad: Crimson Vow,0.11,true,NearMint,German,20220129,0.19,0.19
1,"Bramble Wurm",189,vow,Innistrad: Crimson Vow,0.03,false,NearMint,German,20220129,0.04,0.04
2,"Branch of Boseiju",177,neo,Kamigawa: Neon Dynasty,0.01,false,NearMint,German,20220914,0.12,0.24
2,"Branch of Boseiju",177,neo,Kamigawa: Neon Dynasty,0.06,false,NearMint,German,20220227,0.12,0.24
1,"Brazen Freebooter",164,cmr,Commander Legends,0.01,false,NearMint,German,20220214,0.02,0.02
2,"Brazen Scourge",107,kld,Kaladesh,0.2,false,NearMint,German,20220130,0.05,0.1
1,"Brazen Wolves",122,emn,Eldritch Moon,0.06,false,NearMint,German,20220130,0.06,0.06
1,"Break Asunder",152,dmr,Dominaria Remastered,0.02,false,NearMint,German,20230409,0.04,0.04
1,"Break Ties",8,mh2,Modern Horizons 2,0.2,false,NearMint,German,20220221,0.03,0.03
1,"Break the Ice",77,mh2,Modern Horizons 2,0.12,false,NearMint,German,20220221,0.18,0.18
1,"Breath of the Sleepless",11,voc,Crimson Vow Commander,0.19,false,NearMint,German,20220205,0.15,0.15
1,"Breathless Knight",187,mh2,Modern Horizons 2,0.02,false,NearMint,German,20220221,0.14,0.14
1,"Breeches, Brazen Plunderer",165,cmr,Commander Legends,0.09,false,NearMint,German,20220214,0.09,0.09
1,"Breya's Apprentice",117,mh2,Modern Horizons 2,0.18,true,NearMint,German,20220221,0.48,0.48
1,"Bride's Gown",4,vow,Innistrad: Crimson Vow,0.1,false,NearMint,German,20220129,0.02,0.02
1,"Brimstone Vandal",130,mid,Innistrad: Midnight Hunt,0.02,false,NearMint,German,20220129,0.02,0.02
1,"Bring to Trial",5,rna,Ravnica Allegiance,0.02,false,NearMint,German,20220130,0.01,0.01
3,"Bristling Boar",146,iko,Ikoria: Lair of Behemoths,0.02,false,NearMint,German,20220914,0.02,0.06
1,"Broken Bond",157,dom,Dominaria,0.16,false,NearMint,German,20220226,0.19,0.19
1,"Broken Wings",136,snc,Streets of New Capenna,0.02,false,NearMint,German,20220914,0.02,0.02
1,"Broken Wings",157,dmu,Dominaria United,0.01,false,NearMint,German,20220923,0.02,0.02
1,"Brokers Veteran",36,snc,Streets of New Capenna,0.01,false,NearMint,German,20220914,0.02,0.02
1,"Bronze Cudgels",240,neo,Kamigawa: Neon Dynasty,0.02,false,NearMint,German,20220914,0.02,0.02
1,"Bronze Cudgels",240,neo,Kamigawa: Neon Dynasty,0.07,false,NearMint,German,20220218,0.02,0.02
1,"Bronze Walrus",302,clb,Commander Legends: Battle for Baldur's Gate,0.02,false,NearMint,German,20220914,0.02,0.02
1,"Bronzeplate Boar",135,neo,Kamigawa: Neon Dynasty,0.1,false,NearMint,German,20220914,0.69,0.69
1,"Bronzeplate Boar",135,neo,Kamigawa: Neon Dynasty,0.07,false,NearMint,German,20220223,0.69,0.69
2,"Brute Suit",241,neo,Kamigawa: Neon Dynasty,0.18,false,NearMint,German,20220914,0.25,0.5
5,"Built to Last",7,kld,Kaladesh,0.05,false,NearMint,German,20220130,0.12,0.6
2,"Burdened Aerialist",38,mh2,Modern Horizons 2,0.22,false,NearMint,German,20220221,0.69,1.38
1,"Burly Breaker",299,mid,Innistrad: Midnight Hunt,0.03,false,NearMint,German,20220129,0.02,0.02
2,"Burn the Accursed",132,mid,Innistrad: Midnight Hunt,0.1,false,NearMint,German,20220129,0.02,0.04
2,"Burning Sun's Avatar",135,xln,Ixalan,0.25,false,NearMint,German,20220130,0.35,0.7
1,"Burnished Dunestomper",43,mom,March of the Machine,0.02,false,NearMint,German,20230912,0.02,0.02
1,"Burnished Hart",98,khc,Kaldheim Commander,0.05,false,NearMint,German,20220205,0.15,0.15
1,"Burrog Befuddler",38,stx,Strixhaven: School of Mages,0.15,false,NearMint,German,20220129,0.04,0.04
2,"Burrowing Razormaw",173,bro,The Brothers' War,0.1,false,NearMint,German,20230409,0.03,0.06
1,"Bushwhack",174,bro,The Brothers' War,0.2,false,NearMint,German,20230409,0.32,0.32
1,"Butcher of Malakir",123,voc,Crimson Vow Commander,0.09,false,NearMint,German,20220205,0.24,0.24
1,"Buy Your Silence",6,snc,Streets of New Capenna,0.02,false,NearMint,German,20220914,0.05,0.05
1,"By Invitation Only",346,vow,Innistrad: Crimson Vow,1.48,false,NearMint,German,20220129,0.74,0.74
1,"Bygone Bishop",80,voc,Crimson Vow Commander,0.2,false,NearMint,German,20220205,0.16,0.16
1,"Cabal Initiate",78,mh2,Modern Horizons 2,0.04,false,NearMint,German,20220221,0.15,0.15
1,"Cabaretti Charm",173,snc,Streets of New Capenna,0.11,false,NearMint,German,20220914,0.02,0.02
1,"Cabaretti Initiate",137,snc,Streets of New Capenna,0.01,false,NearMint,German,20220914,0.05,0.05
1,"Cackling Fiend",76,dmr,Dominaria Remastered,0.02,false,NearMint,German,20230409,0.43,0.43
1,"Cadira, Caller of the Small",269,clb,Commander Legends: Battle for Baldur's Gate,0.15,false,NearMint,German,20220914,0.11,0.11
1,"Cadric, Soul Kindler",10,dmc,Dominaria United Commander,1.7,false,NearMint,German,20221017,0.61,0.61
1,"Calamity Bearer",125,pkhm,Kaldheim Promos,0.45,false,NearMint,German,20220914,0.1,0.1
1,"Caldaia Strongarm",138,snc,Streets of New Capenna,0.02,false,NearMint,German,20220914,0.02,0.02
1,"Call the Bloodline",103,soi,Shadows over Innistrad,0.49,false,NearMint,German,20220130,0.07,0.07
1,"Call to the Feast",219,xln,Ixalan,0.35,false,NearMint,German,20220130,0.11,0.11
1,"Campus Guide",252,stx,Strixhaven: School of Mages,0.09,false,NearMint,German,20220129,0.02,0.02
1,"Cancel",47,xln,Ixalan,0.03,false,NearMint,German,20220130,0.01,0.01
1,"Candlelit Cavalry",175,mid,Innistrad: Midnight Hunt,0.02,true,NearMint,German,20220129,0.14,0.14
2,"Candletrap",9,mid,Innistrad: Midnight Hunt,0.03,false,NearMint,German,20220129,0.06,0.12
1,"Canopy Tactician",378,khm,Kaldheim,0.67,false,NearMint,German,20220205,1.2,1.2
1,"Canopy Vista",261,c20,Commander 2020,0.75,false,NearMint,German,20220228,0.29,0.29
1,"Canopy Vista",201,dmc,Dominaria United Commander,0.32,false,NearMint,German,20221016,0.24,0.24
1,"Caprichrome",9,mh2,Modern Horizons 2,0.05,false,NearMint,German,20220221,0.05,0.05
1,"Captain Lannery Storm",120,dmc,Dominaria United Commander,0.5,false,NearMint,German,20221017,0.25,0.25
1,"Captain of Umbar",45,ltr,The Lord of the Rings: Tales of Middle-earth,0.03,false,NearMint,English,20230701,0.02,0.02
1,"Captain's Call",9,dmu,Dominaria United,0.02,false,NearMint,German,20220914,0.05,0.05
1,"Captain's Call",15,cmr,Commander Legends,0.05,false,NearMint,German,20220212,0.02,0.02
1,"Captive Audience",160,rna,Ravnica Allegiance,2.79,false,NearMint,German,20220130,2.19,2.19
1,"Captive Weird",49,mom,March of the Machine,0.06,false,NearMint,English,20230912,0.02,0.02
1,"Captured by Lagacs",188,mh2,Modern Horizons 2,0.02,false,NearMint,German,20220221,0.02,0.02
1,"Captured by the Consulate",8,kld,Kaladesh,0.1,false,NearMint,German,20220130,0.05,0.05
1,"Careful Cultivation",178,neo,Kamigawa: Neon Dynasty,0.06,false,NearMint,German,20220914,0.05,0.05
1,"Careful Cultivation",178,neo,Kamigawa: Neon Dynasty,0.07,false,NearMint,German,20220218,0.05,0.05
1,"Carrion Locust",87,bro,The Brothers' War,0.01,false,NearMint,German,20230409,0.15,0.15
1,"Carrion Screecher",61,hou,Hour of Devastation,0.02,false,NearMint,German,20220130,0.02,0.02
1,"Cartographer's Survey",190,vow,Innistrad: Crimson Vow,0.1,false,NearMint,German,20220129,0.1,0.1
1,"Cascading Cataracts",202,dmc,Dominaria United Commander,1.4,false,NearMint,German,20221016,2.7,2.7
1,"Case the Joint",37,snc,Streets of New Capenna,0.02,false,NearMint,German,20220914,0.2,0.2
1,"Cast into the Fire",118,ltr,The Lord of the Rings: Tales of Middle-earth,0.35,false,NearMint,English,20230701,0.47,0.47
3,"Castaway's Despair",281,xln,Ixalan,0.1,false,NearMint,German,20220130,0.07,0.21
2,"Castle Embereth",239,eld,Throne of Eldraine,0.28,false,NearMint,German,20220205,0.52,1.04
1,"Casualties of War",83,khc,Kaldheim Commander,0.19,false,NearMint,German,20220205,0.39,0.39
1,"Cat Token",3,tdmr,Dominaria Remastered Tokens,0.2,false,NearMint,German,20230409,0.43,0.43
1,"Cataclysmic Gearhulk",9,kld,Kaladesh,0.51,false,NearMint,German,20220130,0.41,0.41
1,"Catapult Captain",99,vow,Innistrad: Crimson Vow,0.17,false,NearMint,German,20220129,0.02,0.02
1,"Catapult Fodder",99,vow,Innistrad: Crimson Vow,0.17,false,NearMint,German,20220129,0.02,0.02
2,"Cathar Commando",10,mid,Innistrad: Midnight Hunt,0.01,false,NearMint,German,20220129,0.25,0.5
1,"Cathar's Call",11,mid,Innistrad: Midnight Hunt,0.03,false,NearMint,German,20220129,0.1,0.1
2,"Cathar's Companion",9,soi,Shadows over Innistrad,0.02,false,NearMint,German,20220130,0.18,0.36
1,"Cathartic Pyre",133,mid,Innistrad: Midnight Hunt,0.21,false,NearMint,German,20220129,0.28,0.28
4,"Cathartic Reunion",109,kld,Kaladesh,0.05,false,NearMint,German,20220130,0.22,0.88
1,"Catlike Curiosity",69,vow,Innistrad: Crimson Vow,0.09,false,NearMint,German,20220129,0.22,0.22
2,"Caught in the Brights",10,aer,Aether Revolt,0.05,false,NearMint,German,20220130,0.02,0.04
1,"Caves of Koilos",244,dmu,Dominaria United,0.51,false,NearMint,German,20221017,0.62,0.62
1,"Caves of Koilos",244,dmu,Dominaria United,0.43,false,NearMint,German,20221022,0.62,0.62
2,"Celeborn the Wise",156,ltr,The Lord of the Rings: Tales of Middle-earth,0.1,false,NearMint,English,20230701,0.05,0.1
1,"Celebrity Fencer",7,snc,Streets of New Capenna,0.02,false,NearMint,German,20220914,0.1,0.1
1,"Celestial Regulator",174,snc,Streets of New Capenna,0.04,false,NearMint,German,20220914,0.12,0.12
1,"Cemetery Recruitment",83,emn,Eldritch Moon,0.04,false,NearMint,German,20220130,0.04,0.04
2,"Ceremonial Knife",254,vow,Innistrad: Crimson Vow,0.05,false,NearMint,German,20220129,0.1,0.2
1,"Chain Devil",120,clb,Commander Legends: Battle for Baldur's Gate,0.11,false,NearMint,German,20220914,0.02,0.02
1,"Chain Lightning",113,dmr,Dominaria Remastered,0.35,false,NearMint,German,20230409,0.28,0.28
1,"Chainer's Edict",78,dmr,Dominaria Remastered,1.0,false,NearMint,German,20230409,1.25,1.25
1,"Chainflail Centipede",90,neo,Kamigawa: Neon Dynasty,0.02,false,NearMint,German,20220914,0.03,0.03
1,"Chainflail Centipede",90,neo,Kamigawa: Neon Dynasty,0.02,false,NearMint,German,20220218,0.03,0.03
3,"Chainweb Aracnir",167,thb,Theros Beyond Death,0.05,false,NearMint,German,20220205,0.06,0.18
1,"Champion of Dusk",124,voc,Crimson Vow Commander,0.24,false,NearMint,German,20220205,0.73,0.73
1,"Chance-Met Elves",157,ltr,The Lord of the Rings: Tales of Middle-earth,0.1,false,NearMint,English,20230701,0.07,0.07
2,"Chandra's Outrage",130,m20,Core Set 2020,0.02,false,NearMint,German,20220129,0.03,0.06
2,"Chandra's Pyrohelix",111,kld,Kaladesh,0.02,false,NearMint,German,20220130,0.02,0.04
1,"Chandra's Revolution",77,aer,Aether Revolt,0.11,false,NearMint,German,20220130,0.01,0.01
1,"Chandra's Spitfire",132,m20,Core Set 2020,0.03,false,NearMint,German,20220129,0.05,0.05
1,"Chandra, Pyrogenius",265,kld,Kaladesh,2.44,true,NearMint,German,20220130,0.8,0.8
1,"Changeling Outcast",40,znc,Zendikar Rising Commander,0.13,false,NearMint,German,20220205,0.65,0.65
1,"Chaos Warp",36,sta,Strixhaven Mystical Archive,1.5,false,NearMint,German,20220130,4.38,4.38
1,"Chaotic Transformation",117,dmu,Dominaria United,0.14,false,NearMint,German,20220915,0.07,0.07
1,"Chapel Shieldgeist",13,mid,Innistrad: Midnight Hunt,0.02,true,NearMint,German,20220129,0.18,0.18
1,"Chaplain of Alms",13,mid,Innistrad: Midnight Hunt,0.02,true,NearMint,German,20220129,0.18,0.18
1,"Charcoal Diamond",162,voc,Crimson Vow Commander,0.02,false,NearMint,German,20220205,0.1,0.1
1,"Charcoal Diamond",305,clb,Commander Legends: Battle for Baldur's Gate,0.14,false,NearMint,German,20220914,0.1,0.1
1,"Charismatic Vanguard",10,dmu,Dominaria United,0.02,false,NearMint,German,20220914,0.03,0.03
1,"Charismatic Vanguard",10,dmu,Dominaria United,0.02,false,NearMint,German,20220919,0.03,0.03
1,"Charismatic Vanguard",10,dmu,Dominaria United,0.02,false,NearMint,German,20220920,0.03,0.03
1,"Charity Extractor",81,war,War of the Spark,0.05,false,NearMint,German,20220130,0.05,0.05
1,"Chatterfang, Squirrel General",151,mh2,Modern Horizons 2,2.5,false,NearMint,German,20221013,6.27,6.27
1,"Chatterstorm",152,mh2,Modern Horizons 2,0.08,false,NearMint,German,20220221,0.1,0.1
1,"Checkpoint Officer",5,iko,Ikoria: Lair of Behemoths,0.02,false,NearMint,German,20220223,0.02,0.02
1,"Chief of the Foundry",200,kld,Kaladesh,0.7,true,NearMint,English,20220130,0.19,0.19
2,"Chillbringer",33,rna,Ravnica Allegiance,0.04,false,NearMint,German,20220130,0.04,0.08
1,"Chitterspitter",153,mh2,Modern Horizons 2,0.19,false,NearMint,German,20221013,0.19,0.19
1,"Choking Miasma",86,dmu,Dominaria United,0.08,false,NearMint,German,20220915,0.02,0.02
1,"Choking Restraints",16,emn,Eldritch Moon,0.05,false,NearMint,German,20220130,0.04,0.04
1,"Chromanticore",146,dmc,Dominaria United Commander,0.23,false,NearMint,German,20221016,0.39,0.39
1,"Chromatic Star",11,brr,The Brothers' War Retro Artifacts,0.2,false,NearMint,German,20230409,0.17,0.17
1,"Chrome Cat",236,snc,Streets of New Capenna,0.12,false,NearMint,German,20220914,0.03,0.03
1,"Chrome Courier",190,mh2,Modern Horizons 2,0.07,false,NearMint,German,20220221,0.05,0.05
1,"Chrome Host Hulk",188,mom,March of the Machine,0.02,false,NearMint,German,20230912,0.02,0.02
2,"Cinder Barrens",168,ogw,Oath of the Gatewatch,0.08,false,NearMint,German,20220130,0.06,0.12
1,"Cinder Glade",236,c19,Commander 2019,1.27,false,NearMint,German,20220220,0.25,0.25
1,"Cinder Glade",203,dmc,Dominaria United Commander,0.24,false,NearMint,German,20221016,0.53,0.53
1,"Circle of Confinement",7,vow,Innistrad: Crimson Vow,0.11,true,NearMint,German,20220205,0.1,0.1
1,"Circle of Dreams Druid",176,afr,Adventures in the Forgotten Realms,4.44,false,NearMint,German,20221020,5.32,5.32
1,"Circuitous Route",62,znc,Zendikar Rising Commander,0.44,false,NearMint,German,20220205,0.78,0.78
1,"Citizen's Arrest",11,dmu,Dominaria United,0.04,true,NearMint,German,20220919,0.02,0.02
1,"Citizen's Arrest",11,dmu,Dominaria United,0.02,false,NearMint,German,20221022,0.09,0.09
2,"Civil Servant",176,snc,Streets of New Capenna,0.02,false,NearMint,German,20220914,0.05,0.1
1,"Claim the Firstborn",37,sta,Strixhaven Mystical Archive,0.17,false,NearMint,German,20220914,0.05,0.05
1,"Clarion Cathars",14,mid,Innistrad: Midnight Hunt,0.01,false,NearMint,German,20220129,0.05,0.05
1,"Clawing Torment",91,neo,Kamigawa: Neon Dynasty,0.09,false,NearMint,German,20220914,0.05,0.05
1,"Clay Revenant",118,bro,The Brothers' War,0.24,true,NearMint,English,20230409,0.21,0.21
1,"Cleansing Nova",20,khc,Kaldheim Commander,0.1,false,NearMint,German,20220205,0.55,0.55
1,"Cleanup Crew",141,snc,Streets of New Capenna,0.1,true,NearMint,German,20220914,0.1,0.1
1,"Cleanup Crew",141,snc,Streets of New Capenna,0.03,false,NearMint,German,20220914,0.02,0.02
1,"Cleaving Reaper",376,khm,Kaldheim,0.98,false,NearMint,German,20220914,0.08,0.08
3,"Cleric of the Forward Order",3,dmr,Dominaria Remastered,0.02,false,NearMint,German,20230409,0.02,0.06
1,"Clever Lumimancer",10,stx,Strixhaven: School of Mages,0.2,false,NearMint,German,20220129,0.21,0.21
3,"Cling to Dust",87,thb,Theros Beyond Death,0.21,false,NearMint,German,20220205,0.35,1.05
1,"Clip Wings",197,soi,Shadows over Innistrad,0.05,false,NearMint,German,20220130,0.03,0.03
1,"Cloak of the Bat",307,clb,Commander Legends: Battle for Baldur's Gate,0.13,false,NearMint,German,20220914,0.26,0.26
1,"Cloakwood Hermit",221,clb,Commander Legends: Battle for Baldur's Gate,0.12,false,NearMint,German,20220914,0.05,0.05
2,"Cloakwood Swarmkeeper",222,clb,Commander Legends: Battle for Baldur's Gate,0.19,false,NearMint,German,20220914,0.02,0.04
1,"Clockwork Drawbridge",13,dmu,Dominaria United,0.01,false,NearMint,German,20220914,0.02,0.02
1,"Clockwork Drawbridge",13,dmu,Dominaria United,0.05,false,NearMint,German,20220914,0.02,0.02
1,"Clockwork Drawbridge",13,dmu,Dominaria United,0.03,false,NearMint,German,20220919,0.02,0.02
1,"Clockwork Fox",308,clb,Commander Legends: Battle for Baldur's Gate,0.17,false,NearMint,German,20220914,0.02,0.02
1,"Closing Statement",169,stx,Strixhaven: School of Mages,0.2,false,NearMint,German,20220129,0.1,0.1
1,"Cloud of Faeries",43,dmr,Dominaria Remastered,0.29,false,NearMint,German,20230409,0.04,0.04
1,"Cloudblazer",84,khc,Kaldheim Commander,0.02,false,NearMint,German,20220205,0.25,0.25
1,"Cloudgoat Ranger",21,khc,Kaldheim Commander,0.02,false,NearMint,German,20220205,0.24,0.24
1,"Clue Token",14,tmh2,Modern Horizons 2 Tokens,0.15,false,NearMint,English,20220221,0.1,0.1
1,"Coalition Relic",180,dmc,Dominaria United Commander,0.43,false,NearMint,German,20221016,0.37,0.37
1,"Coalition Warbrute",118,dmu,Dominaria United,0.02,false,NearMint,German,20220914,0.06,0.06
1,"Coalition Warbrute",118,dmu,Dominaria United,0.06,false,NearMint,German,20220915,0.06,0.06
1,"Coastal Bulwark",76,bro,The Brothers' War,0.01,false,NearMint,German,20230409,0.27,0.27
1,"Coastal Piracy",68,mmq,Mercadian Masques,2.0,false,NearMint,German,20221106,2.0,2.0
1,"Cobbled Lancer",52,vow,Innistrad: Crimson Vow,0.06,false,NearMint,German,20220129,0.02,0.02
1,"Cobbled Wings",233,xln,Ixalan,0.05,false,NearMint,German,20220130,0.03,0.03
2,"Code of Constraint",35,rna,Ravnica Allegiance,0.03,false,NearMint,German,20220130,0.02,0.04
1,"Coiling Oracle",147,dmc,Dominaria United Commander,0.05,false,NearMint,German,20221016,0.04,0.04
1,"Coiling Stalker",179,neo,Kamigawa: Neon Dynasty,0.02,false,NearMint,German,20220914,0.02,0.02
1,"Coiling Stalker",346,neo,Kamigawa: Neon Dynasty,0.09,true,NearMint,German,20220914,0.1,0.1
2,"Coiling Stalker",346,neo,Kamigawa: Neon Dynasty,0.02,false,NearMint,German,20220310,0.11,0.22
1,"Coiling Stalker",346,neo,Kamigawa: Neon Dynasty,0.05,false,NearMint,German,20220227,0.11,0.11
1,"Coiling Stalker",179,neo,Kamigawa: Neon Dynasty,0.05,false,NearMint,German,20220218,0.02,0.02
1,"Colfenor, the Last Yew",274,cmr,Commander Legends,0.18,false,NearMint,German,20220214,0.12,0.12
1,"Collective Nightmare",95,mom,March of the Machine,0.02,false,NearMint,English,20230912,0.02,0.02
1,"Colossal Dreadmaw",180,xln,Ixalan,0.02,false,NearMint,German,20220130,0.49,0.49
2,"Colossal Dreadmaw",176,m21,Core Set 2021,0.01,false,NearMint,German,20220914,0.04,0.08
1,"Colossal Growth",158,dmu,Dominaria United,0.02,false,NearMint,German,20221022,0.12,0.12
1,"Colossal Skyturtle",216,neo,Kamigawa: Neon Dynasty,0.13,false,NearMint,German,20220310,0.23,0.23
1,"Colossification",148,iko,Ikoria: Lair of Behemoths,0.25,false,NearMint,German,20220914,0.3,0.3
1,"Combat Courier",77,bro,The Brothers' War,0.09,false,NearMint,German,20230409,0.1,0.1
1,"Command Tower",172,voc,Crimson Vow Commander,0.24,false,NearMint,German,20220205,0.14,0.14
1,"Command Tower",172,voc,Crimson Vow Commander,0.09,false,NearMint,German,20220205,0.14,0.14
1,"Command Tower",108,khc,Kaldheim Commander,0.1,false,NearMint,German,20220205,0.39,0.39
1,"Command Tower",108,khc,Kaldheim Commander,0.1,false,NearMint,German,20220205,0.39,0.39
1,"Command Tower",124,znc,Zendikar Rising Commander,0.23,false,NearMint,German,20220205,0.99,0.99
1,"Command Tower",124,znc,Zendikar Rising Commander,0.23,false,NearMint,German,20220205,0.99,0.99
1,"Command Tower",204,dmc,Dominaria United Commander,0.13,false,NearMint,German,20221016,0.1,0.1
1,"Command Tower",204,dmc,Dominaria United Commander,0.25,false,NearMint,German,20221017,0.1,0.1
1,"Commander's Sphere",163,voc,Crimson Vow Commander,0.08,false,NearMint,German,20220205,0.25,0.25
1,"Commander's Sphere",163,voc,Crimson Vow Commander,0.02,false,NearMint,German,20220205,0.25,0.25
1,"Commander's Sphere",99,khc,Kaldheim Commander,0.02,false,NearMint,German,20220205,0.1,0.1
1,"Commander's Sphere",109,znc,Zendikar Rising Commander,0.11,false,NearMint,German,20220205,0.11,0.11
1,"Commander's Sphere",181,dmc,Dominaria United Commander,0.15,false,NearMint,German,20221016,0.09,0.09
1,"Commander's Sphere",181,dmc,Dominaria United Commander,0.1,false,NearMint,German,20221017,0.09,0.09
1,"Commencement of Festivities",148,kld,Kaladesh,0.02,false,NearMint,German,20220205,0.05,0.05
1,"Commencement of Festivities",148,kld,Kaladesh,0.1,true,NearMint,German,20220205,0.19,0.19
1,"Compelling Deterrence",52,soi,Shadows over Innistrad,0.05,false,NearMint,German,20220130,0.06,0.06
1,"Compleated Conjurer",49,mom,March of the Machine,0.06,false,NearMint,English,20230912,0.02,0.02
1,"Compleated Huntmaster",96,mom,March of the Machine,0.06,false,NearMint,English,20230912,0.1,0.1
3,"Component Collector",43,mid,Innistrad: Midnight Hunt,0.02,false,NearMint,German,20220129,0.03,0.09
1,"Component Collector",43,mid,Innistrad: Midnight Hunt,0.02,false,NearMint,English,20220129,0.03,0.03
4,"Concordia Pegasus",7,rna,Ravnica Allegiance,0.35,false,NearMint,German,20220130,0.02,0.08
1,"Condemn",12,znc,Zendikar Rising Commander,0.15,false,NearMint,German,20220205,0.1,0.1
1,"Cone of Flame",12,w16,Welcome Deck 2016,0.02,false,NearMint,German,20220130,0.03,0.03
3,"Confounding Conundrum",53,znr,Zendikar Rising,0.08,false,NearMint,German,20220205,0.02,0.06
1,"Conscripted Infantry",129,bro,The Brothers' War,0.02,false,NearMint,German,20230409,0.02,0.02
1,"Consider",44,mid,Innistrad: Midnight Hunt,0.95,false,NearMint,German,20220129,0.55,0.55
1,"Consign // Oblivion",149,hou,Hour of Devastation,0.13,false,NearMint,German,20220130,0.09,0.09
2,"Constable of the Realm",10,mh2,Modern Horizons 2,0.03,false,NearMint,German,20220914,0.02,0.04
1,"Consul's Shieldguard",11,kld,Kaladesh,0.14,false,NearMint,German,20220130,0.02,0.02
1,"Consulate Dreadnought",146,aer,Aether Revolt,0.32,false,NearMint,German,20220130,0.1,0.1
2,"Consulate Skygate",202,kld,Kaladesh,0.04,false,NearMint,German,20220130,0.05,0.1
1,"Consulate Surveillance",10,kld,Kaladesh,0.16,false,NearMint,German,20220130,0.07,0.07
2,"Consulate Turret",147,aer,Aether Revolt,0.09,false,NearMint,German,20220130,0.09,0.18
1,"Consuming Aberration",89,znc,Zendikar Rising Commander,0.31,false,NearMint,German,20220205,0.28,0.28
3,"Containment Construct",243,neo,Kamigawa: Neon Dynasty,0.46,false,NearMint,German,20220914,0.48,1.44
1,"Containment Construct",243,neo,Kamigawa: Neon Dynasty,0.56,false,NearMint,German,20220223,0.48,0.48
1,"Containment Construct",243,neo,Kamigawa: Neon Dynasty,0.7,false,NearMint,German,20220218,0.48,0.48
1,"Contaminated Aquifer",245,dmu,Dominaria United,0.12,false,NearMint,German,20220914,0.92,0.92
1,"Contingency Plan",52,emn,Eldritch Moon,0.33,false,NearMint,German,20220130,0.12,0.12
1,"Contortionist Troupe",178,mid,Innistrad: Midnight Hunt,0.06,false,NearMint,German,20220129,0.09,0.09
1,"Conviction",12,aer,Aether Revolt,0.02,false,NearMint,German,20220130,0.02,0.02
1,"Copy Token",13,tcmr,Commander Legends Tokens,0.08,false,NearMint,German,20220214,0.25,0.25
1,"Coral Colony",45,dmu,Dominaria United,0.08,false,NearMint,German,20220914,0.02,0.02
1,"Cordial Vampire",125,voc,Crimson Vow Commander,0.75,false,NearMint,German,20220205,1.08,1.08
1,"Corpse Appraiser",178,snc,Streets of New Capenna,0.02,false,NearMint,German,20220914,0.04,0.04
2,"Corpse Cobble",214,mid,Innistrad: Midnight Hunt,0.1,false,NearMint,German,20220129,0.02,0.04
1,"Corpse Knight",206,pm20,Core Set 2020 Promos,0.49,false,NearMint,German,20220130,0.1,0.1
1,"Corrupt Court Official",70,snc,Streets of New Capenna,0.02,false,NearMint,German,20220914,0.1,0.1
1,"Cosmic Intervention",3,khc,Kaldheim Commander,1.7,false,NearMint,German,20220205,2.39,2.39
1,"Costly Plunder",96,xln,Ixalan,0.11,false,NearMint,German,20220130,0.06,0.06
3,"Countless Gears Renegade",62,mb1,Mystery Booster,0.02,false,NearMint,German,20220130,0.3,0.9
1,"Courser of Kruphix",119,bng,Born of the Gods,2.31,false,NearMint,German,20220224,0.98,0.98
1,"Covert Cutpurse",92,mid,Innistrad: Midnight Hunt,0.25,false,NearMint,English,20220129,0.07,0.07
1,"Covetous Castaway",45,mid,Innistrad: Midnight Hunt,0.25,false,NearMint,German,20220129,0.05,0.05
1,"Covetous Geist",92,mid,Innistrad: Midnight Hunt,0.25,false,NearMint,English,20220129,0.07,0.07
1,"Cowl Prowler",149,kld,Kaladesh,0.02,false,NearMint,German,20220130,0.02,0.02
1,"Crab Token",2,tmh2,Modern Horizons 2 Tokens,0.09,false,NearMint,German,20220221,0.18,0.18
2,"Crack Open",154,mh2,Modern Horizons 2,0.02,false,NearMint,German,20220221,0.02,0.04
1,"Cragplate Baloth",183,pznr,Zendikar Rising Promos,0.33,true,NearMint,German,20220914,0.5,0.5
1,"Crash the Ramparts",182,xln,Ixalan,0.02,false,NearMint,German,20220130,0.12,0.12
1,"Crawling Infestation",193,vow,Innistrad: Crimson Vow,0.05,false,NearMint,German,20220129,0.1,0.1
2,"Creeping Mold",150,kld,Kaladesh,0.04,false,NearMint,German,20220130,0.02,0.04
1,"Crimson Honor Guard",145,voc,Crimson Vow Commander,0.09,false,NearMint,German,20220205,0.13,0.13
1,"Crooked Custodian",71,snc,Streets of New Capenna,0.02,false,NearMint,German,20220914,0.02,0.02
1,"Crop Rotation",169,c20,Commander 2020,0.72,false,NearMint,German,20220220,0.97,0.97
1,"Crossroads Candleguide",253,mid,Innistrad: Midnight Hunt,0.05,false,NearMint,German,20220129,0.02,0.02
1,"Crossway Troublemakers",17,voc,Crimson Vow Commander,0.25,false,NearMint,German,20220205,0.73,0.73
1,"Crown of Skemfar",13,khc,Kaldheim Commander,0.09,false,NearMint,German,20220205,0.25,0.25
1,"Cruel Celebrant",188,war,War of the Spark,0.5,false,NearMint,English,20220310,0.51,0.51
1,"Cruel Finality",54,aer,Aether Revolt,0.05,false,NearMint,German,20220130,0.01,0.01
1,"Cruel Witness",55,vow,Innistrad: Crimson Vow,0.02,false,NearMint,German,20220129,0.05,0.05
1,"Crumbling Necropolis",205,dmc,Dominaria United Commander,0.17,false,NearMint,German,20221016,0.17,0.17
1,"Crush Contraband",81,voc,Crimson Vow Commander,0.1,false,NearMint,German,20220205,0.02,0.02
1,"Crush Contraband",13,znc,Zendikar Rising Commander,0.09,false,NearMint,German,20220205,0.02,0.02
1,"Crushing Canopy",183,xln,Ixalan,0.1,false,NearMint,German,20220130,0.17,0.17
1,"Crushing Vines",221,cmr,Commander Legends,0.02,false,NearMint,German,20220214,0.02,0.02
1,"Crushing Vines",221,cmr,Commander Legends,0.04,false,NearMint,German,20220212,0.02,0.02
1,"Cryptic Caves",109,khc,Kaldheim Commander,0.02,false,NearMint,German,20220205,0.24,0.24
1,"Cryptic Caves",125,znc,Zendikar Rising Commander,0.49,false,NearMint,German,20220205,0.18,0.18
1,"Crystal Grotto",246,dmu,Dominaria United,0.02,false,NearMint,German,20220923,0.13,0.13
1,"Crystal Quarry",206,dmc,Dominaria United Commander,1.4,false,NearMint,German,20221016,0.88,0.88
1,"Culling Ritual",172,stx,Strixhaven: School of Mages,3.36,false,NearMint,German,20221018,1.21,1.21
1,"Cult Conscript",88,dmu,Dominaria United,0.13,false,NearMint,German,20220916,0.29,0.29
1,"Cult Conscript",88,dmu,Dominaria United,0.14,false,NearMint,German,20220919,0.29,0.29
1,"Cultivate",51,sta,Strixhaven Mystical Archive,0.17,false,NearMint,German,20220220,0.39,0.39
1,"Cultivate",130,dmc,Dominaria United Commander,0.24,false,NearMint,German,20221016,0.61,0.61
1,"Cultivator of Blades",151,kld,Kaladesh,0.22,false,NearMint,German,20220130,0.15,0.15
1,"Cultivator of Blades",55,khc,Kaldheim Commander,0.05,false,NearMint,German,20220205,0.25,0.25
1,"Cunning Survivor",33,hou,Hour of Devastation,0.02,false,NearMint,German,20220130,0.02,0.02
1,"Curio Vendor",42,kld,Kaladesh,0.05,false,NearMint,German,20220130,0.01,0.01
2,"Curse of Hospitality",152,vow,Innistrad: Crimson Vow,0.28,false,NearMint,German,20220129,0.38,0.76
1,"Curse of Shaken Faith",134,mid,Innistrad: Midnight Hunt,0.16,false,NearMint,English,20220129,0.15,0.15
1,"Curse of the Swine",37,khc,Kaldheim Commander,0.15,false,NearMint,German,20220205,0.1,0.1
1,"Custodi Soulbinders",23,cm2,Commander Anthology Volume II,0.1,false,NearMint,German,20220205,0.05,0.05
1,"Custodi Squire",83,voc,Crimson Vow Commander,0.18,false,NearMint,German,20220205,0.11,0.11
1,"Cut Your Losses",38,psnc,Streets of New Capenna Promos,0.1,false,NearMint,German,20220914,0.25,0.25
1,"Cyclone Summoner",52,khm,Kaldheim,0.24,true,NearMint,German,20220130,0.25,0.25
1,"Cyclops Electromancer",122,war,War of the Spark,0.02,false,NearMint,German,20220130,0.05,0.05
1,"Dagger Caster",97,rna,Ravnica Allegiance,0.03,false,NearMint,German,20220130,0.06,0.06
1,"Damnable Pact",126,voc,Crimson Vow Commander,0.05,false,NearMint,German,20220205,0.2,0.2
1,"Damping Sphere",219,dmr,Dominaria Remastered,0.29,false,NearMint,German,20230409,0.82,0.82
1,"Damping Sphere",377,dmr,Dominaria Remastered,0.83,false,NearMint,German,20230409,0.25,0.25
1,"Danitha, Benalia's Hope",287,dmu,Dominaria United,0.2,false,NearMint,German,20220914,0.13,0.13
1,"Danitha, Benalia's Hope",287,dmu,Dominaria United,0.8,true,NearMint,German,20220923,0.25,0.25
2,"Dapper Shieldmate",9,snc,Streets of New Capenna,0.02,false,NearMint,German,20220914,0.02,0.04
3,"Daredevil Dragster",149,aer,Aether Revolt,0.15,false,NearMint,German,20220130,0.04,0.12
2,"Daring Demolition",55,aer,Aether Revolt,0.02,false,NearMint,German,20220130,0.04,0.08
1,"Daring Saboteur",64,cmr,Commander Legends,0.02,false,NearMint,German,20220214,0.02,0.02
1,"Dark Depths",145,csp,Coldsnap,9.25,false,NearMint,English,20220914,5.99,5.99
1,"Dark Impostor",127,voc,Crimson Vow Commander,0.05,false,NearMint,German,20220205,0.17,0.17
1,"Dark Withering",79,dmr,Dominaria Remastered,0.09,false,NearMint,German,20230409,0.5,0.5
1,"Darkbore Pathway",254,khm,Kaldheim,7.45,false,NearMint,German,20221018,7.21,7.21
2,"Darkmoss Bridge",245,mh2,Modern Horizons 2,0.09,false,NearMint,German,20220221,0.09,0.18
1,"Darksteel Mutation",84,voc,Crimson Vow Commander,0.73,false,NearMint,German,20220205,1.51,1.51
1,"Dauntless Aven",7,hou,Hour of Devastation,0.02,false,NearMint,German,20220130,0.05,0.05
4,"Dauntless Survivor",184,znr,Zendikar Rising,0.06,false,NearMint,German,20220914,0.01,0.04
1,"Dauthi Voidwalker",81,mh2,Modern Horizons 2,7.27,false,NearMint,German,20221106,11.79,11.79
1,"Davriel's Shadowfugue",84,war,War of the Spark,0.03,false,NearMint,German,20220130,0.1,0.1
1,"Dawnbringer Cleric",9,afr,Adventures in the Forgotten Realms,0.07,false,NearMint,German,20220914,0.79,0.79
4,"Dawnfeather Eagle",14,aer,Aether Revolt,0.15,false,NearMint,German,20220130,0.14,0.56
1,"Dawnhart Disciple",196,vow,Innistrad: Crimson Vow,0.12,false,NearMint,German,20220129,0.02,0.02
2,"Dawnhart Mentor",300,mid,Innistrad: Midnight Hunt,0.04,false,NearMint,German,20220129,0.1,0.2
1,"Dawnhart Rejuvenator",180,mid,Innistrad: Midnight Hunt,0.14,false,NearMint,German,20220129,0.02,0.02
1,"Day of Destiny",99,dmc,Dominaria United Commander,0.81,false,NearMint,German,20221017,0.15,0.15
1,"Day of the Dragons",38,khc,Kaldheim Commander,0.14,false,NearMint,German,20220207,0.26,0.26
1,"Daybreak Chaplain",12,m20,Core Set 2020,0.1,false,NearMint,German,20220129,0.04,0.04
1,"Daybreak Combatants",153,vow,Innistrad: Crimson Vow,0.02,false,NearMint,German,20220129,0.02,0.02
1,"Daysquad Marshal",8,iko,Ikoria: Lair of Behemoths,0.02,false,NearMint,German,20220223,0.39,0.39
1,"Dead Weight",96,isd,Innistrad,0.25,false,NearMint,German,20220130,0.02,0.02
1,"Dead Weight",83,iko,Ikoria: Lair of Behemoths,0.02,false,NearMint,German,20220223,0.15,0.15
1,"Deadeye Harpooner",15,aer,Aether Revolt,0.13,false,NearMint,German,20220130,0.25,0.25
1,"Deadly Brew",176,stx,Strixhaven: School of Mages,0.15,false,NearMint,German,20220129,0.24,0.24
1,"Deadly Dispute",94,afr,Adventures in the Forgotten Realms,1.42,false,NearMint,German,20221018,2.19,2.19
1,"Deadly Riposte",5,bro,The Brothers' War,0.02,false,NearMint,German,20230409,0.02,0.02
1,"Deal Gone Bad",74,snc,Streets of New Capenna,0.02,false,NearMint,German,20220914,0.02,0.02
1,"Death's Oasis",182,iko,Ikoria: Lair of Behemoths,0.3,false,NearMint,German,20220223,0.1,0.1
1,"Deathcap Glade",261,vow,Innistrad: Crimson Vow,6.15,false,NearMint,German,20221013,10.5,10.5
2,"Deathknell Berserker",83,khm,Kaldheim,0.02,false,NearMint,German,20220129,0.3,0.6
1,"Debt to the Kami",92,neo,Kamigawa: Neon Dynasty,0.07,false,NearMint,German,20220914,0.05,0.05
1,"Debt to the Kami",92,neo,Kamigawa: Neon Dynasty,0.11,false,NearMint,German,20220218,0.05,0.05
1,"Debtors' Transport",72,rna,Ravnica Allegiance,0.2,false,NearMint,German,20220130,0.02,0.02
1,"Deceive the Messenger",47,ltr,The Lord of the Rings: Tales of Middle-earth,0.04,false,NearMint,English,20230701,0.03,0.03
1,"Decoction Module",205,kld,Kaladesh,0.14,false,NearMint,German,20220130,0.12,0.12
2,"Decommission",16,aer,Aether Revolt,0.02,false,NearMint,German,20220130,0.05,0.1
2,"Deep Analysis",46,dmr,Dominaria Remastered,0.12,false,NearMint,German,20230409,0.16,0.32
1,"Deep Forest Hermit",161,mh1,Modern Horizons,1.0,false,NearMint,German,20221018,1.95,1.95
1,"Deeproot Warrior",186,xln,Ixalan,0.02,false,NearMint,German,20220130,0.02,0.02
4,"Deeproot Waters",51,xln,Ixalan,0.17,false,NearMint,German,20220205,0.18,0.72
3,"Deepwood Denizen",155,mh2,Modern Horizons 2,0.09,false,NearMint,German,20220221,0.02,0.06
1,"Defend the Campus",12,stx,Strixhaven: School of Mages,0.05,true,LightPlayed,German,20220914,0.08,0.08
1,"Defend the Celestus",182,mid,Innistrad: Midnight Hunt,0.03,false,NearMint,German,20220129,0.05,0.05
1,"Defenestrate",95,mid,Innistrad: Midnight Hunt,0.08,false,NearMint,German,20220129,0.09,0.09
1,"Defiant Salvager",56,aer,Aether Revolt,0.2,false,NearMint,German,20220130,0.02,0.02
1,"Defiant Salvager",117,cmr,Commander Legends,0.02,false,NearMint,German,20220214,0.09,0.09
1,"Defiler of Instinct",119,dmu,Dominaria United,0.75,false,NearMint,German,20220920,0.31,0.31
1,"Delver of Secrets",47,mid,Innistrad: Midnight Hunt,0.68,false,NearMint,German,20220129,0.53,0.53
1,"Demolish",139,xln,Ixalan,0.02,false,NearMint,German,20220130,0.01,0.01
1,"Demolish",113,kld,Kaladesh,0.02,false,NearMint,German,20220130,0.01,0.01
1,"Demolition Field",260,bro,The Brothers' War,0.3,false,NearMint,German,20230409,1.96,1.96
1,"Demolition Stomper",206,kld,Kaladesh,0.15,false,NearMint,German,20220130,0.02,0.02
1,"Demon of Loathing",292,thb,Theros Beyond Death,0.3,false,NearMint,German,20220914,0.12,0.12
1,"Demonic Embrace",95,pm21,Core Set 2021 Promos,0.3,false,NearMint,German,20220914,0.3,0.3
2,"Demonic Gifts",84,khm,Kaldheim,0.19,false,NearMint,German,20220129,0.03,0.06
2,"Demystify",8,xln,Ixalan,0.04,false,NearMint,German,20220130,0.12,0.24
1,"Departed Soulkeeper",218,mid,Innistrad: Midnight Hunt,0.25,false,NearMint,German,20220129,0.15,0.15
2,"Depraved Harvester",104,vow,Innistrad: Crimson Vow,0.05,false,NearMint,German,20220129,0.02,0.04
1,"Depths of Desire",52,xln,Ixalan,0.02,false,NearMint,German,20220130,0.49,0.49
2,"Desert of the Fervent",170,hou,Hour of Devastation,0.04,false,NearMint,German,20220130,0.27,0.54
1,"Desert of the Indomitable",172,hou,Hour of Devastation,0.09,false,NearMint,German,20220130,0.08,0.08
1,"Desert of the Mindful",173,hou,Hour of Devastation,0.04,false,NearMint,German,20220130,0.03,0.03
1,"Desperate Castaways",101,xln,Ixalan,0.02,false,NearMint,German,20220130,0.02,0.02
2,"Desperate Farmer",104,vow,Innistrad: Crimson Vow,0.05,false,NearMint,German,20220129,0.02,0.04
1,"Destructive Digger",134,m20,Core Set 2020,0.05,false,NearMint,German,20220129,0.2,0.2
1,"Destructive Tampering",78,aer,Aether Revolt,0.02,false,NearMint,German,20220130,0.02,0.02
2,"Devious Cover-Up",48,mid,Innistrad: Midnight Hunt,0.02,false,NearMint,German,20220129,0.03,0.06
1,"Devious Cover-Up",48,mid,Innistrad: Midnight Hunt,0.02,true,NearMint,German,20220129,0.1,0.1
1,"Devoted Grafkeeper",218,mid,Innistrad: Midnight Hunt,0.25,false,NearMint,German,20220129,0.15,0.15
2,"Dhund Operative",74,kld,Kaladesh,0.05,false,NearMint,German,20220130,0.02,0.04
1,"Diamond Lion",225,mh2,Modern Horizons 2,0.32,false,NearMint,German,20220221,0.09,0.09
1,"Dig Up",197,vow,Innistrad: Crimson Vow,0.72,false,NearMint,German,20221018,0.47,0.47
1,"Dig Up the Body",76,snc,Streets of New Capenna,0.02,false,NearMint,German,20220914,0.2,0.2
3,"Dihada's Ploy",193,mh2,Modern Horizons 2,0.03,false,NearMint,German,20220221,0.04,0.12
1,"Dihada, Binder of Wills",1,dmc,Dominaria United Commander,3.37,true,NearMint,German,20221017,3.8,3.8
1,"Dimir Aqueduct",126,znc,Zendikar Rising Commander,0.38,false,NearMint,German,20220205,0.1,0.1
1,"Dimir Guildgate",127,znc,Zendikar Rising Commander,0.05,false,NearMint,German,20220205,0.24,0.24
1,"Dimir Keyrune",110,znc,Zendikar Rising Commander,0.1,false,NearMint,German,20220205,0.25,0.25
1,"Dimir Locket",111,znc,Zendikar Rising Commander,0.1,false,NearMint,German,20220205,0.08,0.08
1,"Dimir Signet",112,znc,Zendikar Rising Commander,2.32,false,NearMint,German,20220205,0.2,0.2
1,"Dire Fleet Interloper",103,xln,Ixalan,0.02,false,NearMint,German,20220130,0.02,0.02
1,"Dire Fleet Ravager",104,xln,Ixalan,0.96,false,NearMint,German,20220130,0.99,0.99
1,"Dire Mimic",310,clb,Commander Legends: Battle for Baldur's Gate,0.05,false,NearMint,German,20220914,0.04,0.04
1,"Dire-Strain Anarchist",181,vow,Innistrad: Crimson Vow,2.1,false,NearMint,German,20220130,1.02,1.02
1,"Dire-Strain Brawler",305,mid,Innistrad: Midnight Hunt,0.03,true,NearMint,German,20220129,0.08,0.08
1,"Dire-Strain Brawler",305,mid,Innistrad: Midnight Hunt,0.05,false,NearMint,German,20220129,0.05,0.05
1,"Dire-Strain Demolisher",299,mid,Innistrad: Midnight Hunt,0.03,false,NearMint,German,20220129,0.02,0.02
2,"Diregraf Rebirth",220,mid,Innistrad: Midnight Hunt,0.13,false,NearMint,German,20220129,0.09,0.18
1,"Diregraf Scavenger",105,vow,Innistrad: Crimson Vow,0.01,false,NearMint,German,20220129,0.05,0.05
1,"Disallow",31,aer,Aether Revolt,3.1,false,NearMint,German,20220130,3.14,3.14
1,"Disallow",31,aer,Aether Revolt,3.32,false,NearMint,German,20220130,3.14,3.14
4,"Discerning Taste",82,mh2,Modern Horizons 2,0.1,false,NearMint,German,20220221,0.02,0.08
1,"Disciplined Duelist",369,snc,Streets of New Capenna,0.25,true,NearMint,German,20220914,0.1,0.1
1,"Discover the Impossible",50,neo,Kamigawa: Neon Dynasty,0.16,false,NearMint,German,20220310,0.04,0.04
1,"Disenchant",14,m20,Core Set 2020,0.02,false,NearMint,German,20220129,0.04,0.04
1,"Disentomb",92,m10,Magic 2010,0.15,false,NearMint,German,20220130,0.25,0.25
4,"Dismal Backwater",246,iko,Ikoria: Lair of Behemoths,0.06,false,NearMint,German,20220205,0.08,0.32
1,"Dismal Backwater",128,znc,Zendikar Rising Commander,0.04,false,NearMint,German,20220205,0.25,0.25
1,"Dismal Backwater",267,neo,Kamigawa: Neon Dynasty,0.1,false,NearMint,German,20220218,0.07,0.07
1,"Dismal Backwater",269,mom,March of the Machine,0.03,false,NearMint,English,20230912,0.05,0.05
1,"Disorder in the Court",29,voc,Crimson Vow Commander,0.81,false,NearMint,German,20220205,2.2,2.2
3,"Dispersal Technician",32,aer,Aether Revolt,0.02,false,NearMint,German,20220130,0.02,0.06
1,"Disperse",5,w16,Welcome Deck 2016,0.25,false,NearMint,German,20220130,0.24,0.24
1,"Disruption Protocol",51,neo,Kamigawa: Neon Dynasty,0.05,false,NearMint,German,20220914,0.08,0.08
1,"Dissipate",49,mid,Innistrad: Midnight Hunt,0.13,false,NearMint,German,20220129,0.1,0.1
1,"Distant Melody",103,voc,Crimson Vow Commander,0.34,false,NearMint,German,20220205,0.1,0.1
1,"Distant Melody",24,znc,Zendikar Rising Commander,0.4,false,NearMint,German,20220205,0.48,0.48
1,"Dive Down",53,xln,Ixalan,0.16,false,NearMint,German,20220130,0.23,0.23
2,"Diver Skaab",56,vow,Innistrad: Crimson Vow,0.48,false,NearMint,German,20220129,0.02,0.04
1,"Djeru's Renunciation",11,hou,Hour of Devastation,0.02,false,NearMint,German,20220130,0.1,0.1
1,"Dockside Chef",93,neo,Kamigawa: Neon Dynasty,0.11,false,NearMint,German,20220914,0.25,0.25
1,"Dockside Chef",93,neo,Kamigawa: Neon Dynasty,0.17,false,NearMint,German,20220227,0.25,0.25
1,"Dokuchi Shadow-Walker",94,neo,Kamigawa: Neon Dynasty,0.02,false,NearMint,German,20220914,0.02,0.02
2,"Dokuchi Shadow-Walker",339,neo,Kamigawa: Neon Dynasty,0.06,false,NearMint,German,20220914,0.02,0.04
1,"Dokuchi Shadow-Walker",339,neo,Kamigawa: Neon Dynasty,0.05,false,NearMint,German,20220223,0.02,0.02
1,"Dokuchi Shadow-Walker",94,neo,Kamigawa: Neon Dynasty,0.04,false,NearMint,German,20220218,0.02,0.02
1,"Dokuchi Silencer",340,neo,Kamigawa: Neon Dynasty,0.09,false,NearMint,German,20220310,0.3,0.3
1,"Dominating Vampire",305,vow,Innistrad: Crimson Vow,0.35,false,NearMint,German,20220129,0.22,0.22
1,"Donal, Herald of Wings",3,voc,Crimson Vow Commander,0.61,true,NearMint,German,20220205,0.61,0.61
1,"Doomed Dissenter",106,vow,Innistrad: Crimson Vow,0.12,false,NearMint,German,20220129,0.14,0.14
1,"Doomfall",62,hou,Hour of Devastation,0.02,false,NearMint,German,20220130,0.04,0.04
1,"Doomskar",9,khm,Kaldheim,1.92,false,NearMint,German,20220205,1.24,1.24
3,"Dovin's Automaton",268,rna,Ravnica Allegiance,0.15,false,NearMint,German,20220130,0.15,0.45
1,"Dovin's Dismissal",267,rna,Ravnica Allegiance,0.2,false,NearMint,German,20220130,0.03,0.03
1,"Dovin, Architect of Law",265,rna,Ravnica Allegiance,1.49,true,NearMint,German,20220130,0.89,0.89
1,"Dovin, Grand Arbiter",153,voc,Crimson Vow Commander,0.5,false,NearMint,German,20220205,0.89,0.89
1,"Draconic Lore",64,clb,Commander Legends: Battle for Baldur's Gate,0.12,false,NearMint,German,20220914,0.05,0.05
1,"Drag Under",57,emn,Eldritch Moon,0.05,false,NearMint,German,20220130,0.03,0.03
1,"Dragon Engine",222,dmr,Dominaria Remastered,0.02,false,NearMint,German,20230409,0.02,0.02
1,"Dragon Token",10,tdmu,Dominaria United Tokens,0.1,false,NearMint,German,20221022,0.25,0.25
1,"Dragon-Kami's Egg",473,neo,Kamigawa: Neon Dynasty,0.2,false,NearMint,German,20220914,0.2,0.2
1,"Dragonscale Boon",131,ktk,Khans of Tarkir,0.02,false,NearMint,English,20220214,0.05,0.05
1,"Dragonsguard Elite",127,stx,Strixhaven: School of Mages,0.2,true,NearMint,German,20220130,0.2,0.2
1,"Dragonskull Summit",207,dmc,Dominaria United Commander,1.75,false,NearMint,German,20221017,2.5,2.5
2,"Dragonspark Reactor",137,neo,Kamigawa: Neon Dynasty,0.05,false,NearMint,German,20220914,0.31,0.62
1,"Dragonspark Reactor",137,neo,Kamigawa: Neon Dynasty,0.09,false,NearMint,German,20220227,0.31,0.31
1,"Dragonspark Reactor",137,neo,Kamigawa: Neon Dynasty,0.07,false,NearMint,German,20220223,0.31,0.31
1,"Drake Familiar",44,rav,Ravnica: City of Guilds,0.14,false,NearMint,German,20220914,0.1,0.1
2,"Dralnu's Crusade",189,dmr,Dominaria Remastered,0.1,false,NearMint,German,20230409,0.04,0.08
3,"Dramatic Reversal",44,kld,Kaladesh,0.44,false,NearMint,German,20220130,0.68,2.04
1,"Dramatist's Puppet",244,neo,Kamigawa: Neon Dynasty,0.03,false,NearMint,German,20220914,0.25,0.25
1,"Dramatist's Puppet",244,neo,Kamigawa: Neon Dynasty,0.04,false,NearMint,German,20220218,0.25,0.25
1,"Drana, Liberator of Malakir",111,dmc,Dominaria United Commander,0.58,false,NearMint,German,20221017,0.44,0.44
1,"Drannith Stinger",113,iko,Ikoria: Lair of Behemoths,0.07,false,NearMint,German,20220223,0.1,0.1
2,"Dread Fugue",107,vow,Innistrad: Crimson Vow,0.11,false,NearMint,German,20220129,0.12,0.24
1,"Dread Rider",89,khm,Kaldheim,0.02,false,NearMint,German,20220129,0.02,0.02
1,"Dreadful as the Storm",48,ltr,The Lord of the Rings: Tales of Middle-earth,0.04,false,NearMint,English,20230701,0.11,0.11
1,"Dreadhound",97,mid,Innistrad: Midnight Hunt,0.2,false,NearMint,German,20220129,0.08,0.08
1,"Dreadlight Monstrosity",57,vow,Innistrad: Crimson Vow,0.02,false,NearMint,German,20220129,0.02,0.02
2,"Dream Trawler",214,thb,Theros Beyond Death,0.32,false,NearMint,German,20220205,0.72,1.44
1,"Drey Keeper",194,mh2,Modern Horizons 2,0.25,false,NearMint,German,20220221,0.1,0.1
1,"Drifting Meadow",245,dmr,Dominaria Remastered,0.03,false,NearMint,German,20230409,0.02,0.02
1,"Drogskol Captain",154,voc,Crimson Vow Commander,0.45,false,NearMint,German,20220205,0.74,0.74
1,"Drogskol Reinforcements",5,voc,Crimson Vow Commander,0.19,false,NearMint,German,20220205,0.29,0.29
1,"Dromar's Cavern",138,pls,Planeshift,0.33,false,NearMint,English,20220914,0.28,0.28
2,"Dromar's Cavern",246,dmr,Dominaria Remastered,0.07,false,NearMint,German,20230409,0.02,0.04
1,"Drossforge Bridge",246,mh2,Modern Horizons 2,0.16,false,NearMint,German,20220221,0.15,0.15
1,"Drossforge Bridge",246,mh2,Modern Horizons 2,0.13,false,NearMint,German,20220914,0.15,0.15
4,"Drown in the Loch",188,eld,Throne of Eldraine,1.9,false,NearMint,German,20220205,0.75,3.0
1,"Drownyard Amalgam",50,mid,Innistrad: Midnight Hunt,0.02,false,NearMint,German,20220129,0.02,0.02
1,"Drownyard Behemoth",4,emn,Eldritch Moon,0.03,false,NearMint,German,20220130,0.03,0.03
2,"Druid of the Cowl",106,aer,Aether Revolt,0.17,false,NearMint,German,20220130,0.08,0.16
1,"Dual Shot",141,xln,Ixalan,0.15,true,NearMint,German,20220130,0.18,0.18
1,"Dual Shot",141,xln,Ixalan,0.08,false,NearMint,German,20220130,0.07,0.07
1,"Duel for Dominance",184,mid,Innistrad: Midnight Hunt,0.02,false,NearMint,German,20220129,0.05,0.05
2,"Dukhara Peafowl",207,kld,Kaladesh,0.02,false,NearMint,German,20220130,0.02,0.04
1,"Dukhara Scavenger",77,kld,Kaladesh,0.02,false,NearMint,German,20220130,0.01,0.01
1,"Duneblast",148,dmc,Dominaria United Commander,0.36,false,NearMint,German,20221016,0.14,0.14
1,"Dunes of the Dead",175,hou,Hour of Devastation,0.1,false,NearMint,German,20220130,0.15,0.15
1,"Durable Handicraft",153,kld,Kaladesh,0.1,false,NearMint,German,20220130,0.1,0.1
1,"Duress",29,sta,Strixhaven Mystical Archive,0.1,false,NearMint,German,20220129,0.17,0.17
3,"Duress",96,m21,Core Set 2021,0.03,false,NearMint,German,20220205,0.07,0.21
2,"Duskshell Crawler",156,mh2,Modern Horizons 2,0.23,false,NearMint,German,20220221,0.07,0.14
2,"Duskwielder",91,khm,Kaldheim,0.1,false,NearMint,German,20220129,0.03,0.06
1,"Dutiful Servants",12,hou,Hour of Devastation,0.04,false,NearMint,German,20220130,0.03,0.03
1,"Dwynen, Gilt-Leaf Daen",56,khc,Kaldheim Commander,0.19,false,NearMint,German,20220205,0.5,0.5
1,"Dnedain Rangers",159,ltr,The Lord of the Rings: Tales of Middle-earth,0.08,false,NearMint,English,20230701,0.02,0.02
1,"Eager Construct",209,kld,Kaladesh,0.06,false,NearMint,German,20220130,0.16,0.16
1,"Eager First-Year",16,stx,Strixhaven: School of Mages,0.01,false,NearMint,German,20220129,0.05,0.05
1,"Earthquake Dragon",228,clb,Commander Legends: Battle for Baldur's Gate,1.09,false,NearMint,German,20220914,1.87,1.87
1,"East-Mark Cavalier",9,ltr,The Lord of the Rings: Tales of Middle-earth,0.04,false,NearMint,English,20230701,0.05,0.05
1,"Eastfarthing Farmer",8,ltr,The Lord of the Rings: Tales of Middle-earth,0.04,false,NearMint,English,20230701,0.14,0.14
1,"Eccentric Farmer",185,mid,Innistrad: Midnight Hunt,0.1,false,NearMint,English,20220129,0.05,0.05
1,"Echoing Return",83,mh2,Modern Horizons 2,0.1,false,NearMint,German,20220221,0.02,0.02
1,"Echoing Truth",109,dmc,Dominaria United Commander,0.17,false,NearMint,German,20221016,0.24,0.24
3,"Ecstatic Awakener",100,mid,Innistrad: Midnight Hunt,0.15,false,NearMint,German,20220129,0.05,0.15
1,"Edgewall Innkeeper",151,eld,Throne of Eldraine,0.07,false,NearMint,German,20220915,0.06,0.06
1,"Eerie Interlude",22,khc,Kaldheim Commander,0.5,false,NearMint,German,20220205,3.45,3.45
1,"Eerie Soultender",92,dmu,Dominaria United,0.11,false,NearMint,German,20220919,0.02,0.02
1,"Eiganjo Exemplar",10,neo,Kamigawa: Neon Dynasty,0.06,false,NearMint,German,20220914,0.02,0.02
2,"Eiganjo Exemplar",309,neo,Kamigawa: Neon Dynasty,0.05,false,NearMint,German,20220914,0.09,0.18
1,"Eiganjo Exemplar",309,neo,Kamigawa: Neon Dynasty,0.04,false,NearMint,German,20220227,0.09,0.09
1,"Eiganjo Exemplar",10,neo,Kamigawa: Neon Dynasty,0.08,false,NearMint,German,20220218,0.02,0.02
1,"Eiganjo Uprising",396,neo,Kamigawa: Neon Dynasty,0.2,false,NearMint,German,20220914,0.2,0.2
1,"Eiganjo Uprising",396,neo,Kamigawa: Neon Dynasty,0.46,false,NearMint,German,20220218,0.2,0.2
1,"Eladamri's Call",197,mh1,Modern Horizons,4.48,false,NearMint,German,20220225,7.95,7.95
1,"Elas il-Kor, Sadistic Pilgrim",198,dmu,Dominaria United,0.35,false,NearMint,German,20220914,0.53,0.53
1,"Elderfang Ritualist",385,khm,Kaldheim,0.11,false,NearMint,German,20220205,0.24,0.24
1,"Elderfang Venom",15,khc,Kaldheim Commander,0.1,false,NearMint,German,20220205,0.35,0.35
1,"Electric Revelation",135,mid,Innistrad: Midnight Hunt,0.05,false,NearMint,German,20220129,0.1,0.1
1,"Electrostatic Infantry",122,dmu,Dominaria United,0.18,false,NearMint,German,20220914,0.2,0.2
1,"Electrostatic Infantry",122,dmu,Dominaria United,0.19,false,NearMint,German,20220923,0.2,0.2
1,"Elfhame Wurm",161,dmu,Dominaria United,0.01,false,NearMint,German,20220923,0.02,0.02
1,"Eliminate",30,sta,Strixhaven Mystical Archive,0.09,false,NearMint,German,20220129,0.13,0.13
2,"Eliminate",97,m21,Core Set 2021,0.12,false,NearMint,German,20220205,0.04,0.08
2,"Elite Arrester",266,rna,Ravnica Allegiance,0.18,false,NearMint,German,20220130,0.15,0.3
1,"Elite Scaleguard",14,znc,Zendikar Rising Commander,0.05,false,NearMint,German,20220205,0.02,0.02
1,"Elrond, Lord of Rivendell",49,ltr,The Lord of the Rings: Tales of Middle-earth,0.11,false,NearMint,English,20230701,0.04,0.04
1,"Elrond, Lord of Rivendell",307,ltr,The Lord of the Rings: Tales of Middle-earth,0.12,false,NearMint,English,20230701,0.08,0.08
3,"Elspeth Conquers Death",13,thb,Theros Beyond Death,0.33,false,NearMint,German,20220205,0.52,1.56
1,"Elven Ambush",391,khm,Kaldheim,0.29,false,NearMint,German,20220205,0.53,0.53
1,"Elven Farsight",161,ltr,The Lord of the Rings: Tales of Middle-earth,0.14,false,NearMint,English,20230701,0.18,0.18
1,"Elvish Aberration",156,dmr,Dominaria Remastered,0.05,false,NearMint,German,20230409,0.02,0.02
1,"Elvish Archdruid",57,khc,Kaldheim Commander,1.19,false,NearMint,German,20220205,1.5,1.5
1,"Elvish Dreadlord",121,cmr,Commander Legends,0.3,false,NearMint,German,20220212,0.14,0.14
1,"Elvish Mystic",58,khc,Kaldheim Commander,0.15,false,NearMint,German,20220205,0.99,0.99
1,"Elvish Promenade",59,khc,Kaldheim Commander,0.4,false,NearMint,German,20220205,1.52,1.52
1,"Elvish Rejuvenator",60,khc,Kaldheim Commander,0.02,false,NearMint,German,20220205,0.2,0.2
1,"Elvish Rejuvenator",63,znc,Zendikar Rising Commander,0.02,false,NearMint,German,20220205,0.02,0.02
1,"Embercleave",120,eld,Throne of Eldraine,4.86,false,NearMint,German,20220205,5.48,5.48
1,"Embodiment of Flame",141,mid,Innistrad: Midnight Hunt,0.15,false,NearMint,German,20220129,0.09,0.09
1,"Embodiment of Insight",64,znc,Zendikar Rising Commander,0.1,false,NearMint,German,20220205,0.05,0.05
1,"Embraal Gear-Smasher",79,aer,Aether Revolt,0.01,false,NearMint,German,20220130,0.05,0.05
1,"Emerald Dragon // Dissonant Wave",229,clb,Commander Legends: Battle for Baldur's Gate,0.17,false,NearMint,German,20220914,0.1,0.1
1,"Emergency Weld",93,bro,The Brothers' War,0.06,false,NearMint,German,20230409,0.06,0.06
1,"Emeria Angel",15,znc,Zendikar Rising Commander,0.22,false,NearMint,German,20220205,0.17,0.17
1,"Emeria Shepherd",16,znc,Zendikar Rising Commander,0.5,false,NearMint,German,20220205,0.57,0.57
1,"Emeria's Call",12,znr,Zendikar Rising,4.07,false,NearMint,German,20220205,5.74,5.74
1,"Emeria, Shattered Skyclave",12,znr,Zendikar Rising,4.07,false,NearMint,German,20220205,5.74,5.74
1,"Emissary of Sunrise",10,xln,Ixalan,0.04,false,NearMint,German,20220130,0.1,0.1
1,"Empty the Warrens",118,dmr,Dominaria Remastered,0.09,false,NearMint,German,20230409,0.05,0.05
1,"Empyrean Eagle",85,khc,Kaldheim Commander,0.09,false,NearMint,German,20220205,0.65,0.65
1,"Emrakul's Evangel",156,emn,Eldritch Moon,0.35,false,NearMint,German,20221013,0.15,0.15
1,"End the Festivities",155,vow,Innistrad: Crimson Vow,0.09,false,NearMint,German,20220129,1.81,1.81
1,"End-Raze Forerunners",61,khc,Kaldheim Commander,0.09,false,NearMint,German,20220205,0.15,0.15
1,"Endless Obedience",41,znc,Zendikar Rising Commander,0.1,false,NearMint,German,20220205,0.08,0.08
1,"Endurance",157,mh2,Modern Horizons 2,35.25,false,NearMint,German,20220221,27.62,27.62
1,"Energy Refractor",234,bro,The Brothers' War,0.12,false,NearMint,German,20230409,0.12,0.12
1,"Engineered Might",181,kld,Kaladesh,0.04,false,NearMint,German,20220130,0.05,0.05
1,"Enigma Thief",4,znc,Zendikar Rising Commander,0.13,false,NearMint,German,20220205,0.2,0.2
1,"Enraged Giant",80,aer,Aether Revolt,0.03,false,NearMint,German,20220130,0.19,0.19
1,"Enraged Huorn",162,ltr,The Lord of the Rings: Tales of Middle-earth,0.04,false,NearMint,English,20230701,0.08,0.08
1,"Enthusiastic Mechanaut",218,neo,Kamigawa: Neon Dynasty,0.21,false,NearMint,German,20220914,0.19,0.19
1,"Enthusiastic Mechanaut",218,neo,Kamigawa: Neon Dynasty,0.16,false,NearMint,German,20220223,0.19,0.19
1,"Entomb",426,dmr,Dominaria Remastered,7.17,false,NearMint,German,20230409,7.95,7.95
1,"Ephara's Dispersal",55,mom,March of the Machine,0.02,false,NearMint,German,20230912,0.09,0.09
3,"Era of Enlightenment",11,neo,Kamigawa: Neon Dynasty,0.06,false,NearMint,German,20220914,0.04,0.12
1,"Era of Enlightenment",11,neo,Kamigawa: Neon Dynasty,0.05,false,NearMint,German,20220218,0.04,0.04
1,"Erebor Flamesmith",122,ltr,The Lord of the Rings: Tales of Middle-earth,0.09,false,NearMint,English,20230701,0.1,0.1
1,"Erinis, Gloom Stalker",230,clb,Commander Legends: Battle for Baldur's Gate,0.11,false,NearMint,German,20220914,0.15,0.15
1,"Errant, Street Artist",41,snc,Streets of New Capenna,0.31,false,NearMint,German,20220914,0.2,0.2
1,"Ertai Resurrected",298,dmu,Dominaria United,0.4,false,NearMint,German,20220919,0.5,0.5
1,"Ertai's Scorn",48,dmu,Dominaria United,0.13,false,NearMint,German,20220916,0.02,0.02
1,"Escape from Orthanc",12,ltr,The Lord of the Rings: Tales of Middle-earth,0.03,false,NearMint,English,20230701,0.89,0.89
1,"Escape to the Wilds",189,eld,Throne of Eldraine,0.51,false,NearMint,German,20220220,0.44,0.44
1,"Esika's Chariot",169,khm,Kaldheim,2.97,false,NearMint,German,20220205,5.49,5.49
1,"Esior, Wardwing Familiar",67,cmr,Commander Legends,0.14,false,NearMint,German,20220214,0.05,0.05
1,"Esquire of the King",13,ltr,The Lord of the Rings: Tales of Middle-earth,0.07,false,NearMint,English,20230701,0.07,0.07
1,"Essence Extraction",80,kld,Kaladesh,0.03,false,NearMint,German,20220130,0.02,0.02
1,"Essence Infusion",69,stx,Strixhaven: School of Mages,0.05,false,NearMint,German,20220129,0.08,0.08
2,"Essence Scatter",49,iko,Ikoria: Lair of Behemoths,0.02,false,NearMint,German,20220205,0.1,0.2
1,"Essence Scatter",49,dmu,Dominaria United,0.02,false,NearMint,German,20220914,0.02,0.02
1,"Essence Scatter",49,dmu,Dominaria United,0.03,false,NearMint,German,20220919,0.02,0.02
1,"Essence Scatter",49,dmu,Dominaria United,0.01,false,NearMint,German,20220923,0.02,0.02
2,"Estwald Shieldbasher",11,vow,Innistrad: Crimson Vow,0.03,false,NearMint,German,20220129,0.02,0.04
1,"Etali, Primal Storm",121,dmc,Dominaria United Commander,0.15,false,NearMint,German,20221017,0.36,0.36
2,"Etched Familiar",101,mom,March of the Machine,0.02,false,NearMint,English,20230912,0.15,0.3
1,"Eternal Taskmaster",90,war,War of the Spark,0.02,false,NearMint,German,20220130,0.08,0.08
1,"Eternal Witness",145,2x2,Double Masters 2022,1.02,false,NearMint,German,20221018,0.97,0.97
1,"Ethereal Investigator",12,voc,Crimson Vow Commander,0.73,false,NearMint,German,20220205,0.48,0.48
1,"Ethereal Valkyrie",16,khc,Kaldheim Commander,0.1,false,NearMint,German,20220205,0.09,0.09
2,"Etherium Spinner",40,mh2,Modern Horizons 2,0.1,false,NearMint,German,20220221,0.12,0.24
1,"Evangel of Heliod",23,khc,Kaldheim Commander,0.02,false,NearMint,German,20220205,0.39,0.39
1,"Evolution Sage",65,znc,Zendikar Rising Commander,0.49,false,NearMint,German,20220205,0.64,0.64
4,"Evolving Wilds",261,mid,Innistrad: Midnight Hunt,0.08,false,NearMint,German,20220130,0.05,0.2
1,"Evolving Wilds",129,znc,Zendikar Rising Commander,0.05,false,NearMint,German,20220205,0.02,0.02
8,"Evolving Wilds",256,afr,Adventures in the Forgotten Realms,0.03,false,NearMint,German,20220914,0.05,0.4
1,"Evolving Wilds",208,dmc,Dominaria United Commander,0.06,false,NearMint,German,20221016,0.02,0.02
1,"Evolving Wilds",208,dmc,Dominaria United Commander,0.1,false,NearMint,German,20221017,0.02,0.02
1,"Evolving Wilds",261,bro,The Brothers' War,0.04,false,NearMint,German,20230409,0.03,0.03
1,"Excavation Explosion",132,bro,The Brothers' War,0.3,false,NearMint,German,20230409,0.02,0.02
1,"Exhilarating Elocution",185,stx,Strixhaven: School of Mages,0.02,false,NearMint,German,20220129,0.02,0.02
1,"Exotic Orchard",173,voc,Crimson Vow Commander,0.29,false,NearMint,German,20220205,0.74,0.74
1,"Exotic Orchard",173,voc,Crimson Vow Commander,0.05,false,NearMint,German,20220205,0.74,0.74
1,"Exotic Orchard",209,dmc,Dominaria United Commander,0.14,false,NearMint,German,20221016,0.16,0.16
1,"Expanded Anatomy",2,stx,Strixhaven: School of Mages,0.1,false,NearMint,German,20220129,0.08,0.08
1,"Expendable Lackey",43,snc,Streets of New Capenna,0.01,false,NearMint,German,20220914,0.02,0.02
2,"Experimental Aviator",46,kld,Kaladesh,0.02,false,NearMint,German,20220130,0.02,0.04
1,"Experimental Synthesizer",138,neo,Kamigawa: Neon Dynasty,0.24,false,NearMint,German,20220914,1.96,1.96
1,"Experimental Synthesizer",138,neo,Kamigawa: Neon Dynasty,0.1,false,NearMint,German,20220218,1.96,1.96
1,"Explore",164,c19,Commander 2019,0.09,false,NearMint,German,20220220,0.09,0.09
1,"Explore",131,dmc,Dominaria United Commander,0.15,false,NearMint,German,20221016,0.08,0.08
1,"Explore the Underdark",232,clb,Commander Legends: Battle for Baldur's Gate,0.17,false,NearMint,German,20220914,0.1,0.1
1,"Explosive Apparatus",255,soi,Shadows over Innistrad,0.1,false,NearMint,German,20220130,0.03,0.03
2,"Explosive Entry",139,neo,Kamigawa: Neon Dynasty,0.07,false,NearMint,German,20220310,0.06,0.12
1,"Explosive Entry",139,neo,Kamigawa: Neon Dynasty,0.11,false,NearMint,German,20220218,0.06,0.06
1,"Explosive Singularity",140,neo,Kamigawa: Neon Dynasty,0.99,false,NearMint,German,20220223,0.5,0.5
1,"Explosive Vegetation",132,dmc,Dominaria United Commander,0.25,false,NearMint,German,20221016,1.07,1.07
1,"Expose to Daylight",8,rna,Ravnica Allegiance,0.02,false,NearMint,German,20220130,0.15,0.15
1,"Extinguish the Light",94,dmu,Dominaria United,0.02,false,NearMint,German,20220920,0.02,0.02
1,"Extract from Darkness",90,znc,Zendikar Rising Commander,0.1,false,NearMint,German,20220205,0.1,0.1
1,"Extract the Truth",78,snc,Streets of New Capenna,0.07,false,NearMint,German,20220914,0.18,0.18
1,"Extruder",296,mh2,Modern Horizons 2,0.02,false,NearMint,German,20220221,0.05,0.05
2,"Exultant Cultist",59,emn,Eldritch Moon,0.01,false,NearMint,German,20220130,0.04,0.08
1,"Eyeblight Assassin",123,cmr,Commander Legends,0.33,false,NearMint,German,20220214,0.02,0.02
1,"Eyeblight Assassin",123,cmr,Commander Legends,0.02,true,NearMint,German,20220212,0.03,0.03
1,"Eyeblight Cullers",48,khc,Kaldheim Commander,0.02,false,NearMint,German,20220205,0.15,0.15
1,"Eyeblight Cullers",124,cmr,Commander Legends,0.2,false,NearMint,German,20220212,0.02,0.02
1,"Eyeblight Massacre",49,khc,Kaldheim Commander,0.02,false,NearMint,German,20220205,0.15,0.15
2,"Eyeblight Massacre",125,cmr,Commander Legends,0.03,false,NearMint,German,20220214,0.04,0.08
2,"Eyes of Gitaxias",57,mom,March of the Machine,0.02,false,NearMint,English,20230912,0.03,0.06
1,"Eyes of Gitaxias",57,mom,March of the Machine,0.25,true,NearMint,English,20230912,0.03,0.03
3,"Fa'adiyah Seer",160,dmr,Dominaria Remastered,0.05,false,NearMint,German,20230409,0.05,0.15
1,"Fable of the Mirror-Breaker",357,neo,Kamigawa: Neon Dynasty,27.18,false,NearMint,German,20220914,22.76,22.76
1,"Fable of the Mirror-Breaker",357,neo,Kamigawa: Neon Dynasty,0.9,false,NearMint,German,20220223,22.76,22.76
1,"Fabled Passage",246,pm21,Core Set 2021 Promos,4.0,false,NearMint,German,20220915,2.99,2.99
1,"Fabrication Module",211,kld,Kaladesh,0.14,false,NearMint,German,20220130,0.12,0.12
1,"Faceless Butcher",84,dmr,Dominaria Remastered,0.02,false,NearMint,German,20230409,0.1,0.1
1,"Faceless One",1,clb,Commander Legends: Battle for Baldur's Gate,0.19,false,NearMint,German,20220914,0.05,0.05
1,"Facet Reader",50,iko,Ikoria: Lair of Behemoths,0.02,false,NearMint,German,20220223,0.05,0.05
1,"Fact or Fiction",25,znc,Zendikar Rising Commander,0.09,false,NearMint,German,20220205,0.07,0.07
1,"Faeburrow Elder",149,dmc,Dominaria United Commander,0.77,false,NearMint,German,20221016,2.3,2.3
1,"Faerie Miscreant",58,m20,Core Set 2020,0.05,false,NearMint,German,20220129,0.02,0.02
1,"Faerie Vandal",26,znc,Zendikar Rising Commander,0.1,false,NearMint,German,20220205,0.2,0.2
1,"Failed Conversion",103,mom,March of the Machine,0.02,false,NearMint,English,20230912,0.02,0.02
2,"Failed Inspection",47,kld,Kaladesh,0.04,false,NearMint,German,20220130,0.02,0.04
1,"Fairgrounds Patrol",13,mh2,Modern Horizons 2,0.02,false,NearMint,German,20220221,0.02,0.02
1,"Fairgrounds Trumpeter",155,kld,Kaladesh,0.1,false,NearMint,German,20220130,0.09,0.09
1,"Fairgrounds Warden",13,kld,Kaladesh,0.02,false,NearMint,German,20220130,0.25,0.25
1,"Faithless Looting",122,dmc,Dominaria United Commander,0.19,false,NearMint,German,20221017,0.42,0.42
3,"Faithless Salvaging",122,mh2,Modern Horizons 2,0.08,false,NearMint,German,20220914,0.12,0.36
1,"Fake Your Own Death",79,snc,Streets of New Capenna,0.06,false,NearMint,German,20220914,0.24,0.24
1,"Falkenrath Celebrants",306,vow,Innistrad: Crimson Vow,0.1,true,NearMint,German,20220129,0.25,0.25
2,"Falkenrath Celebrants",306,vow,Innistrad: Crimson Vow,0.04,false,NearMint,German,20220129,0.06,0.12
2,"Falkenrath Celebrants",156,vow,Innistrad: Crimson Vow,0.02,false,NearMint,German,20220129,0.04,0.08
1,"Falkenrath Gorger",146,voc,Crimson Vow Commander,0.05,false,NearMint,German,20220205,0.5,0.5
1,"Falkenrath Noble",128,voc,Crimson Vow Commander,0.05,false,NearMint,German,20220205,0.24,0.24
1,"Falkenrath Pit Fighter",137,mid,Innistrad: Midnight Hunt,0.45,false,NearMint,German,20220129,0.45,0.45
1,"Fall from Favor",68,cmr,Commander Legends,0.16,false,NearMint,German,20220212,0.02,0.02
1,"Fall of Cair Andros",124,ltr,The Lord of the Rings: Tales of Middle-earth,0.24,false,NearMint,English,20230701,0.29,0.29
1,"Fallaji Vanguard",210,bro,The Brothers' War,0.09,false,NearMint,German,20230409,0.02,0.02
1,"Fallaji Wayfarer",11,dmc,Dominaria United Commander,0.76,false,NearMint,German,20221016,0.89,0.89
1,"Fang of Shigeki",183,neo,Kamigawa: Neon Dynasty,0.06,false,NearMint,German,20220914,0.02,0.02
1,"Fang of Shigeki",183,neo,Kamigawa: Neon Dynasty,0.05,false,NearMint,German,20220218,0.02,0.02
1,"Fangblade Brigand",139,mid,Innistrad: Midnight Hunt,0.14,false,NearMint,German,20220129,0.07,0.07
1,"Fangblade Eviscerator",139,mid,Innistrad: Midnight Hunt,0.14,false,NearMint,German,20220129,0.07,0.07
1,"Far Wanderings",66,znc,Zendikar Rising Commander,0.13,false,NearMint,German,20220205,0.15,0.15
1,"Farhaven Elf",62,khc,Kaldheim Commander,0.02,false,NearMint,German,20220205,0.11,0.11
