"Count","Tradelist Count","Name","Edition","Condition","Language","Foil","Tags","Last Modified","Collector Number","Alter","Proxy","Purchase Price"
"1","1","Aarakocra Sneak","clb","Near Mint","Korean","","","2025-06-27 06:59:41.710000","54","False","False",""
"1","1","Aarakocra Sneak","clb","Near Mint","Traditional Chinese","","","2025-06-27 07:03:27.877000","54","False","False",""
"1","1","Abandon the Post","mid","Near Mint","German","","","2023-10-01 10:02:06.313000","127","False","False","0.25"
"1","1","Abandoned Campground","dsk","Near Mint","English","","","2025-05-12 07:21:23.767000","255","False","False","0.12"
"1","1","Aberrant Researcher // Perfected Form","inr","Near Mint","English","","","2025-06-26 08:03:34.780000","52","False","False","0.11"
"1","1","Abiding Grace","mh2","Near Mint","German","","","2023-10-01 10:02:06.313000","1","False","False","0.04"
"1","1","Abomination of Llanowar","khc","Near Mint","German","","","2023-10-01 10:02:06.313000","81","False","False","0.02"
"1","1","Abrade","inr","Near Mint","English","","","2025-06-26 08:03:34.780000","139","False","False","0.04"
"1","1","Abrade","fdn","Near Mint","English","","","2025-01-15 10:33:53.740000","188","False","False","0.13"
"1","1","Abrade","vow","Near Mint","German","","","2023-10-01 10:02:06.313000","139","False","False","0.09"
"1","1","Abrade","vow","Near Mint","English","","","2023-10-30 08:51:34.030000","139","False","False",""
"1","1","Abrade","inr","Near Mint","English","","","2025-08-17 19:58:10.573000","139","False","False","0.08"
"1","1","Abrade","tdc","Near Mint","English","","","2025-08-17 19:43:26.460000","203","False","False",""
"1","1","Abraded Bluffs","otj","Near Mint","German","","","2024-07-18 11:25:17.007000","251","False","False","0.12"
"1","1","Abraded Bluffs","otj","Near Mint","English","","","2024-07-18 11:25:02.257000","251","False","False","0.17"
"1","1","Abraded Bluffs","otj","Near Mint","English","foil","","2024-07-18 11:25:11.193000","251","False","False","0.18"
"1","1","Abundance","znc","Near Mint","German","","","2023-10-01 10:02:06.313000","58","False","False","1.12"
"1","1","Abundant Growth","inr","Near Mint","English","","","2025-06-26 08:03:34.780000","184","False","False","0.11"
"1","1","Abundant Growth","dmc","Near Mint","German","","","2023-10-01 10:02:06.313000","128","False","False","1.38"
"1","1","Abundant Growth","inr","Near Mint","English","","","2025-06-26 08:03:34.780000","406","False","False","0.23"
"1","1","Abundant Growth","inr","Near Mint","English","","","2025-08-17 19:58:10.573000","184","False","False","0.19"
"1","1","Abundant Growth","inr","Near Mint","English","foil","","2025-08-17 19:58:22.487000","315","False","False","0.89"
"1","1","Abundant Harvest","mh2","Near Mint","English","","","2023-10-29 13:21:10.073000","354","False","False",""
"1","1","Abundant Maw","inr","Near Mint","English","","","2025-08-17 19:58:22.487000","329","False","False","0.08"
"3","3","Abundant Maw","inr","Near Mint","English","","","2025-06-26 08:03:34.780000","1","False","False","0.04"
"1","1","Abyssal Gorestalker","lci","Near Mint","English","","","2024-01-13 22:15:22.680000","87","False","False","0.10"
"1","1","Abzan Charm","dmc","Near Mint","German","","","2023-10-01 10:02:06.313000","138","False","False","0.11"
"2","2","Abzan Devotee","tdm","Near Mint","English","","","2025-08-17 20:01:09.930000","68","False","False","0.06"
"1","1","Abzan Falconer","znc","Near Mint","German","","","2023-10-01 10:02:06.313000","9","False","False","0.02"
"1","1","Abzan Falconer","ktk","Near Mint","English","","","2024-01-22 09:23:23.377000","2","False","False","0.14"
"1","1","Abzan Falconer","ktk","Near Mint","English","foil","","2024-01-22 09:23:23.377000","2","False","False","0.65"
"1","1","Academy Loremaster","pdmu","Near Mint","German","foil","","2023-10-01 10:02:06.313000","40s","False","False","0.45"
"1","1","Academy Loremaster","dmu","Near Mint","German","","","2023-10-01 10:02:06.313000","40","False","False","0.27"
"1","1","Academy Wall","dmu","Near Mint","German","","","2023-10-01 10:02:06.313000","41","False","False","0.08"
"1","1","Accomplished Automaton","kld","Near Mint","German","","","2023-10-01 10:02:06.313000","191","False","False","0.02"
"1","1","Accursed Horde","hou","Near Mint","German","","","2023-10-01 10:02:06.313000","56","False","False","0.05"
"2","2","Accursed Marauder","mh3","Near Mint","English","","","2024-07-05 08:01:04.880000","80","False","False","0.18"
"1","1","Acidic Slime","znc","Near Mint","German","","","2023-10-01 10:02:06.313000","59","False","False","0.13"
"1","1","Acidic Slime","cmm","Near Mint","English","","","2024-05-23 11:41:38.167000","270","False","False","0.11"
"2","2","Acolyte of Aclazotz","lci","Near Mint","English","","","2024-01-13 22:15:22.680000","89","False","False","0.07"
"2","2","Acrobatic Cheerleader","dsk","Near Mint","English","","","2025-05-12 07:21:23.767000","1","False","False","0.02"
"1","1","Acrobatic Leap","lci","Near Mint","English","","","2024-01-13 22:15:22.680000","2","False","False","0.15"
"1","1","Acrobatic Maneuver","kld","Near Mint","German","","","2023-10-01 10:02:06.313000","1","False","False","0.12"
"1","1","Act of Heroism","hou","Near Mint","German","","","2023-10-01 10:02:06.313000","1","False","False","0.02"
"1","1","Act of Treason","rna","Near Mint","German","","","2023-10-01 10:02:06.313000","91","False","False","0.05"
"1","1","Act of Treason","ktk","Near Mint","English","","","2024-01-22 09:23:23.377000","95","False","False","0.17"
"1","1","Ad Nauseam","2xm","Near Mint","English","","","2023-10-01 11:19:16.883000","76","False","True","9.29"
"1","1","Adanto Vanguard","xln","Near Mint","German","","","2023-10-01 10:02:06.313000","1","False","False","0.29"
"1","1","Adeline, Resplendent Cathar","mid","Near Mint","German","","","2023-10-01 10:02:06.313000","1","False","False","0.29"
"1","1","Adeline, Resplendent Cathar","tdc","Near Mint","English","","","2025-08-17 19:43:26.460000","108","False","False",""
"1","1","Admiral Beckett Brass","xln","Near Mint","German","","","2024-05-28 15:21:46.367000","217","False","False","1.46"
"1","1","Admiral Beckett Brass","lcc","Near Mint","English","","","2023-12-24 22:14:40.263000","264","False","False",""
"1","1","Admiral Brass, Unsinkable","lcc","Near Mint","English","","","2024-01-13 22:15:22.680000","1","False","False","0.21"
"1","1","Admiral Brass, Unsinkable","lcc","Near Mint","English","foil","","2023-12-24 22:14:40.263000","1","False","False",""
"1","1","Admonition Angel","znc","Near Mint","German","","","2024-05-28 15:04:20.640000","10","False","False","0.67"
"3","3","Adorned Crocodile","tdm","Near Mint","English","","","2025-08-17 20:01:09.930000","69","False","False","0.04"
"1","1","Adrenaline Jockey","dft","Near Mint","English","","","2025-05-12 09:15:55.100000","112","False","False","0.09"
"1","1","Adriana, Captain of the Guard","dmc","Near Mint","German","","","2023-10-01 10:02:06.313000","139","False","False","0.13"
"1","1","Aegis Angel","w16","Near Mint","German","","","2023-10-01 10:02:06.313000","1","False","False","0.05"
"1","1","Aegis Automaton","aer","Near Mint","German","","","2023-10-01 10:02:06.313000","141","False","False","0.01"
"1","1","Aegis Turtle","iko","Near Mint","German","","","2023-10-01 10:02:06.313000","39","False","False","0.02"
"3","3","Aegis Turtle","fdn","Near Mint","English","","","2025-01-15 10:34:31.127000","150","False","False","0.03"
"1","1","Aerial Boost","mom","Near Mint","English","","","2023-10-01 10:02:06.313000","2","False","False","0.02"
"2","2","Aerial Modification","aer","Near Mint","German","","","2023-10-01 10:02:06.313000","1","False","False","0.12"
"5","5","Aerial Responder","kld","Near Mint","German","","","2023-10-01 10:02:06.313000","2","False","False","0.19"
"2","2","Aerie Auxiliary","mh3","Near Mint","English","","","2024-07-05 08:01:04.880000","18","False","False","0.05"
"2","2","Aeromoeba","mh2","Near Mint","German","","","2023-10-01 10:02:06.313000","37","False","False","0.10"
"1","1","Aeromoeba","mh2","Near Mint","German","","","2023-10-01 10:02:06.313000","389","False","False","0.40"
"1","1","Aeromunculus","rna","Near Mint","German","","","2023-10-01 10:02:06.313000","152","False","False","0.10"
"2","2","Aeronaut Admiral","aer","Near Mint","German","","","2023-10-01 10:02:06.313000","2","False","False","0.13"
"1","1","Aeronaut Cavalry","bro","Near Mint","German","","","2023-10-01 10:02:06.313000","1","False","False","0.09"
"1","1","Aesi, Tyrant of Gyre Strait","cmr","Near Mint","German","foil","","2023-10-01 10:02:06.313000","365","False","False","13.25"
"4","4","Aether Chaser","aer","Near Mint","German","","","2023-10-01 10:02:06.313000","76","False","False","0.56"
"1","1","Aether Chaser","aer","Near Mint","English","","","2023-10-30 08:34:10.677000","76","False","False",""
"3","3","Aether Herder","aer","Near Mint","German","","","2023-10-01 10:02:06.313000","102","False","False","0.05"
"1","1","Aether Meltdown","kld","Near Mint","German","","","2023-10-01 10:02:06.313000","36","False","False","0.02"
"3","3","Aether Poisoner","aer","Near Mint","German","","","2023-10-01 10:02:06.313000","51","False","False","0.08"
"1","1","Aether Spike","mh3","Near Mint","English","","","2024-07-05 08:01:04.880000","50","False","False","0.14"
"1","1","Aether Spike","mh3","Near Mint","German","","","2024-07-15 19:12:21.797000","50","False","False","0.10"
"2","2","Aether Swooper","aer","Near Mint","German","","","2023-10-01 10:02:06.313000","26","False","False","0.12"
"2","2","Aether Theorist","kld","Near Mint","German","","","2023-10-01 10:02:06.313000","37","False","False","0.09"
"1","1","Aether Tradewinds","kld","Near Mint","German","","","2023-10-01 10:02:06.313000","38","False","False","0.05"
"1","1","Aetherblade Agent // Gitaxian Mindstinger","mom","Near Mint","English","","","2023-10-01 10:02:06.313000","88","False","False","0.04"
"1","1","Aetherborn Marauder","kld","Near Mint","German","","","2023-10-01 10:02:06.313000","71","False","False","0.15"
"1","1","Aetherflux Reservoir","kld","Near Mint","German","","","2023-10-01 10:02:06.313000","192","False","False","5.72"
"1","1","Aetheric Amplifier","drc","Near Mint","English","","","2025-05-12 09:15:55.100000","34","False","False","1.56"
"1","1","Aetherize","lcc","Near Mint","English","","","2023-12-24 22:38:06.913000","142","False","False",""
"1","1","Aetherize","znc","Near Mint","German","","","2023-10-01 10:02:06.313000","23","False","False","0.30"
"1","1","Aethersnipe","uma","Near Mint","English","","","2023-11-08 20:10:02.740000","44","False","False",""
"1","1","Aethersphere Harvester","aer","Near Mint","German","","","2023-10-01 10:02:06.313000","142","False","False","0.29"
"1","1","Aetherstream Leopard","aer","Near Mint","German","","","2023-10-01 10:02:06.313000","103","False","False","0.02"
"1","1","Aethertorch Renegade","kld","Near Mint","German","","","2023-10-01 10:02:06.313000","106","False","False","0.17"
"1","1","Affectionate Indrik","fdn","Near Mint","English","","","2025-01-15 10:34:31.127000","211","False","False","0.03"
"1","1","Afterburner Expert","dft","Near Mint","English","","","2025-05-13 11:02:58.617000","150","False","False","0.25"
"2","2","Agate Assault","blb","Near Mint","English","","","2025-05-12 07:23:08.587000","122","False","False","0.05"
"4","4","Agate-Blade Assassin","blb","Near Mint","English","","","2025-05-12 07:23:08.587000","82","False","False","0.05"
"1","1","Agatha's Champion","woe","Near Mint","German","","","2023-10-25 10:26:22.653000","160","False","False","0.07"
"2","2","Ageless Guardian","stx","Near Mint","German","","","2023-10-01 10:02:06.313000","8","False","False","0.06"
"1","1","Agency Coroner","mkm","Near Mint","English","","","2024-03-06 16:55:17.200000","75","False","False","0.02"
"2","2","Agent of Kotis","tdm","Near Mint","English","","","2025-08-17 20:01:09.930000","36","False","False","0.06"
"2","2","Aggressive Negotiations","tdm","Near Mint","English","","","2025-08-17 20:01:09.930000","70","False","False","0.05"
"2","2","Aggressive Sabotage","dmu","Near Mint","German","","","2024-07-17 09:47:18.280000","78","False","False","0.01"
"1","1","Aggressive Sabotage","dmu","Near Mint","German","","","2024-07-17 12:32:03.593000","78","False","False",""
"2","2","Agonizing Remorse","thb","Near Mint","German","","","2023-10-01 10:02:06.313000","83","False","False","0.03"
"1","1","Agonizing Syphon","m20","Near Mint","German","","","2023-10-01 10:02:06.313000","83","False","False","0.02"
"2","2","Aid from the Cowl","aer","Near Mint","German","","","2023-10-01 10:02:06.313000","105","False","False","0.08"
"1","1","Aim for the Head","vow","Near Mint","German","","","2023-10-01 10:02:06.313000","92","False","False","0.02"
"1","1","Aim High","inr","Near Mint","English","","","2025-08-17 19:58:10.573000","185","False","False","0.08"
"2","2","Aim High","inr","Near Mint","English","","","2025-06-26 08:03:34.780000","185","False","False","0.05"
"1","1","Ainok Bond-Kin","ima","Near Mint","English","","","2023-11-06 11:50:43.843000","4","False","False",""
"1","1","Ainok Strike Leader","tdc","Near Mint","English","","","2025-08-17 19:43:26.460000","11","False","False",""
"2","2","Ainok Wayfarer","tdm","Near Mint","English","","","2025-08-17 20:01:09.930000","134","False","False","0.07"
"2","2","Air Elemental","m19","Near Mint","German","","","2023-10-01 10:02:06.313000","308","False","False","0.40"
"1","1","Air Response Unit","dft","Near Mint","English","","","2025-05-12 09:15:55.100000","1","False","False","0.05"
"1","1","Air Servant","w16","Near Mint","German","","","2023-10-01 10:02:06.313000","4","False","False","0.02"
"1","1","Airdrop Aeronauts","aer","Near Mint","German","","","2023-10-01 10:02:06.313000","5","False","False","0.10"
"1","1","Airlift Chaplain","bro","Near Mint","German","","","2023-10-01 10:02:06.313000","2","False","False","0.10"
"1","1","Airtight Alibi","mkm","Near Mint","English","","","2024-03-06 16:55:17.200000","149","False","False","0.06"
"1","1","Ajani Fells the Godsire","mh3","Near Mint","English","","","2024-07-05 08:01:04.880000","19","False","False","0.06"
"1","1","Ajani, the Greathearted","pwar","Near Mint","German","foil","","2023-10-01 10:02:06.313000","184s","False","False",""
"1","1","Ajani, Valiant Protector","aer","Near Mint","German","foil","","2024-05-28 15:26:23.293000","185","False","False","2.64"
"2","2","Ajani's Aid","aer","Near Mint","German","","","2023-10-01 10:02:06.313000","188","False","False","0.10"
"4","4","Ajani's Comrade","aer","Near Mint","German","","","2023-10-01 10:02:06.313000","187","False","False","0.02"
"1","1","Ajani's Pridemate","fdn","Near Mint","English","foil","","2025-01-15 10:33:53.740000","135","False","False","0.15"
"2","2","Ajani's Pridemate","fdn","Near Mint","English","","","2025-01-15 10:33:53.740000","135","False","False","0.10"
"1","1","Akal Pakal, First Among Equals","lci","Near Mint","English","","","2024-01-13 22:15:22.680000","292","False","False","0.19"
"1","1","Akawalli, the Seething Tower","lci","Near Mint","English","","","2024-01-13 22:15:22.680000","298","False","False","0.11"
"1","1","Akki Ronin","neo","Near Mint","English","","","2023-10-01 10:02:06.313000","131","False","False","0.07"
"1","1","Akki War Paint","neo","Near Mint","English","","","2023-10-01 10:02:06.313000","132","False","False","0.02"
"2","2","Akki War Paint","neo","Near Mint","German","foil","","2023-10-01 10:02:06.313000","132","False","False","0.07"
"1","1","Akki War Paint","neo","Near Mint","German","foil","","2023-10-01 10:02:06.313000","132","False","False","0.15"
"4","4","Akoum Hellhound","znr","Near Mint","German","","","2023-10-01 10:02:06.313000","133","False","False","0.04"
"1","1","Akroma's Will","lcc","Near Mint","English","","","2025-05-08 15:38:50.410000","125","False","False",""
"1","1","Akul the Unrepentant","otj","Near Mint","English","","","2024-07-15 20:47:13.160000","189","False","False","0.21"
"1","1","Alabaster Host Intercessor","mom","Near Mint","English","","","2023-11-06 10:53:45.240000","3","False","False",""
"1","1","Alacrian Armory","dft","Near Mint","English","","","2025-05-12 09:15:43.790000","2","False","False","0.12"
"1","1","Alacrian Jaguar","dft","Near Mint","English","","","2025-05-12 09:15:55.100000","152","False","False","0.07"
"1","1","Alania's Pathmaker","blb","Near Mint","English","","","2025-05-12 07:23:08.587000","123","False","False","0.07"
"2","2","Alchemist's Assistant","tdm","Near Mint","English","","","2025-08-17 20:01:09.930000","71","False","False","0.02"
"1","1","Alchemist's Gambit","vow","Near Mint","German","foil","","2024-05-28 15:09:55.927000","140","False","False","0.73"
"1","1","Alchemist's Greeting","emn","Near Mint","German","","","2023-10-01 10:02:06.313000","116","False","False","0.01"
"3","3","Alchemist's Greeting","inr","Near Mint","English","","","2025-06-26 08:03:34.780000","140","False","False","0.05"
"1","1","Alchemist's Greeting","inr","Near Mint","English","","","2025-06-26 08:03:34.780000","393","False","False","0.16"
"1","1","Alchemist's Refuge","lcc","Near Mint","English","","","2023-12-24 22:38:06.913000","318","False","False",""
"1","1","Alchemist's Retrieval","vow","Near Mint","German","","","2023-10-01 10:02:06.313000","47","False","False","0.06"
"1","1","Alchemist's Retrieval","vow","Near Mint","German","foil","","2023-10-01 10:02:06.313000","47","False","False","0.17"
"1","1","Alesha, Who Laughs at Fate","fdn","Near Mint","English","","","2025-05-04 18:51:32.793000","476","False","False","0.87"
"1","1","Alesha, Who Smiles at Death","dmc","Near Mint","German","","","2023-10-01 10:02:06.313000","118","False","False","0.11"
"2","2","Alley Assailant","mkm","Near Mint","English","","","2024-03-06 16:55:17.200000","76","False","False","0.02"
"2","2","Alley Evasion","aer","Near Mint","German","","","2023-10-01 10:02:06.313000","6","False","False","0.02"
"3","3","Alley Strangler","aer","Near Mint","German","","","2023-10-01 10:02:06.313000","52","False","False","0.01"
"1","1","All-Out Assault","tdm","Near Mint","English","","","2025-08-17 19:59:08.230000","352","False","False","2.42"
"1","1","Alloy Animist","bro","Near Mint","German","","","2023-10-01 10:02:06.313000","166","False","False","0.02"
"3","3","Almighty Brushwagg","iko","Near Mint","German","","","2023-10-01 10:02:06.313000","143","False","False","0.10"
"1","1","Aloe Alchemist","otj","Near Mint","English","","","2024-05-23 11:41:04.933000","152","False","False","0.10"
"1","1","Aloe Alchemist","otj","Near Mint","English","","","2024-07-15 20:47:13.160000","152","False","False","0.13"
"1","1","Altar of the Goyf","mh2","Near Mint","German","foil","","2023-10-01 10:02:06.313000","220","False","False","0.02"
"1","1","Altar of the Wretched // Wretched Bonemass","lcc","Near Mint","English","","","2024-01-13 22:15:22.680000","10","False","False","0.73"
"1","1","Amalia Benavides Aguirre","lci","Near Mint","English","","","2024-01-13 22:15:22.680000","221","False","False","1.13"
"1","1","Ambition's Cost","khc","Near Mint","German","","","2023-10-01 10:02:06.313000","47","False","False","0.02"
"1","1","Ambition's Cost","dmc","Near Mint","German","","","2023-10-01 10:02:06.313000","110","False","False","0.10"
"2","2","Ambitious Aetherborn","kld","Near Mint","German","","","2023-10-01 10:02:06.313000","72","False","False","0.03"
"1","1","Ambitious Assault","neo","Near Mint","English","","","2023-10-30 08:52:37.173000","133","False","False",""
"1","1","Ambitious Assault","neo","Near Mint","German","","","2023-10-01 10:02:06.313000","133","False","False","0.02"
"1","1","Ambitious Assault","neo","Near Mint","German","","","2023-10-01 10:02:06.313000","133","False","False","0.06"
"2","2","Ambitious Farmhand // Seasoned Cathar","inr","Near Mint","English","","","2025-06-26 08:03:34.780000","8","False","False","0.12"
"1","1","Ambitious Farmhand // Seasoned Cathar","inr","Near Mint","English","","","2025-06-26 08:03:34.780000","448","False","False","0.15"
"1","1","Ambitious Farmhand // Seasoned Cathar","inr","Near Mint","English","foil","","2025-06-26 08:03:34.780000","8","False","False","0.13"
"1","1","Ambitious Farmhand // Seasoned Cathar","mid","Good (Lightly Played)","English","","","2023-10-01 10:02:06.313000","2","False","False","0.14"
"1","1","Ambitious Farmhand // Seasoned Cathar","mid","Played","English","","","2023-10-01 10:02:06.313000","2","False","False","0.14"
"1","1","Ambitious Farmhand // Seasoned Cathar","mid","Mint","German","foil","","2023-10-01 10:02:06.313000","2","False","False","0.20"
"1","1","Ambitious Farmhand // Seasoned Cathar","mid","Near Mint","English","","","2023-10-01 10:02:06.313000","2","False","False","0.14"
"1","1","Ambitious Farmhand // Seasoned Cathar","mid","Good (Lightly Played)","English","","","2023-10-01 10:02:06.313000","2","False","False","0.14"
"1","1","Ambitious Farmhand // Seasoned Cathar","mid","Near Mint","English","","","2023-10-01 10:02:06.313000","2","False","False","0.14"
"1","1","Ambuscade","hou","Near Mint","German","","","2023-10-01 10:02:06.313000","110","False","False","0.09"
"1","1","Ambush Gigapede","otj","Near Mint","English","","","2024-05-27 07:16:35.113000","77","False","False","0.07"
"3","3","Ambush Viper","inr","Near Mint","English","","","2025-06-26 08:03:34.780000","186","False","False","0.13"
"3","3","Ambush Wolf","fdn","Near Mint","English","","","2025-01-15 10:34:31.127000","98","False","False","0.07"
"2","2","Amonkhet Raceway","dft","Near Mint","English","","","2025-05-13 11:02:18.920000","248","False","False","0.25"
"1","1","Amped Raptor","mh3","Near Mint","English","","","2024-07-05 08:01:04.880000","114","False","False","1.65"
"1","1","Amphin Mutineer","lcc","Near Mint","English","","","2023-12-24 22:14:40.263000","143","False","False",""
"2","2","An Offer You Can't Refuse","fdn","Near Mint","English","","","2025-01-15 10:33:53.740000","160","False","False","0.99"
"1","1","An Offer You Can't Refuse","snc","Near Mint","German","","","2023-10-01 10:02:06.313000","51","False","False","1.00"
"1","1","Anafenza, Kin-Tree Spirit","dmc","Near Mint","German","","","2023-10-01 10:02:06.313000","97","False","False","0.19"
"1","1","Anafenza, Kin-Tree Spirit","cmm","Near Mint","English","","","2024-05-23 11:41:38.167000","11","False","False","0.18"
"4","4","Anax, Hardened in the Forge","thb","Near Mint","German","","","2023-10-01 10:02:06.313000","125","False","False","0.13"
"1","1","Ancestors' Aid","lci","Near Mint","English","","","2024-01-13 22:15:22.680000","132","False","False","0.09"
"1","1","Ancestors' Aid","lci","Near Mint","English","foil","","2024-01-13 22:15:22.680000","132","False","False","0.16"
"1","1","Ancestral Anger","vow","Near Mint","German","","","2023-10-01 10:02:06.313000","142","False","False","0.08"
"2","2","Ancestral Anger","inr","Near Mint","English","","","2025-06-26 08:03:34.780000","141","False","False","0.13"
"1","1","Ancestral Blade","m20","Near Mint","English","","","2023-11-06 11:55:28.897000","3","False","False",""
"1","1","Ancestral Blade","cmr","Near Mint","German","","","2023-10-01 10:02:06.313000","5","False","False","0.05"
"1","1","Ancestral Katana","neo","Near Mint","English","","","2023-10-01 10:02:06.313000","1","False","False","0.07"
"2","2","Ancestral Reminiscence","lci","Near Mint","English","","","2024-01-13 22:15:22.680000","45","False","False","0.13"
"1","1","Anchor to Reality","neo","Near Mint","German","foil","","2023-10-01 10:02:06.313000","45","False","False","0.34"
"3","3","Anchor to Reality","neo","Near Mint","German","","","2023-10-01 10:02:06.313000","45","False","False","0.07"
"1","1","Anchor to Reality","neo","Near Mint","German","","","2023-10-01 10:02:06.313000","45","False","False","0.14"
"1","1","Ancient Animus","cmr","Near Mint","German","","","2023-10-01 10:02:06.313000","215","False","False","0.02"
"2","2","Ancient Brontodon","xln","Near Mint","German","","","2023-10-01 10:02:06.313000","175","False","False","0.03"
"1","1","Ancient Craving","voc","Near Mint","German","","","2023-10-01 10:02:06.313000","117","False","False","0.04"
"1","1","Ancient Lumberknot","vow","Near Mint","German","","","2023-10-01 10:02:06.313000","230","False","False","0.06"
"2","2","Ancient Vendetta","dft","Near Mint","English","","","2025-05-13 11:02:58.617000","75","False","False","0.15"
"1","1","Angel","tsnc","Near Mint","German","","","2024-07-18 12:58:07.553000","2","False","False","0.35"
"1","1","Angel","tlci","Near Mint","German","","","2024-07-18 12:58:07.553000","2","False","False",""
"1","1","Angel of Finality","khc","Near Mint","German","","","2023-10-01 10:02:06.313000","17","False","False","0.07"
"1","1","Angel of Finality","fdn","Near Mint","English","","","2025-01-15 10:33:53.740000","136","False","False","0.13"
"1","1","Angel of Flight Alabaster","voc","Near Mint","German","","","2023-10-01 10:02:06.313000","77","False","False","0.28"
"1","1","Angel of Invention","tdc","Near Mint","English","","","2025-08-17 19:43:26.460000","109","False","False",""
"1","1","Angel of Serenity","khc","Near Mint","German","","","2023-10-01 10:02:06.313000","18","False","False","0.15"
"1","1","Angel of the Ruins","mh3","Near Mint","German","","","2024-07-15 19:12:21.797000","262","False","False","0.10"
"1","1","Angel of the Ruins","mh3","Near Mint","English","","","2024-07-05 08:01:04.880000","262","False","False","0.08"
"1","1","Angelfire Ignition","inr","Near Mint","English","","","2025-06-26 08:03:34.780000","229","False","False","0.29"
"1","1","Angelic Intervention","mom","Near Mint","English","","","2023-11-06 10:54:01.413000","5","False","False",""
"3","3","Angelic Purge","inr","Near Mint","English","","","2025-06-26 08:03:34.780000","9","False","False","0.11"
"1","1","Angelic Purge","inr","Near Mint","English","","","2025-06-26 08:03:34.780000","333","False","False","0.10"
"1","1","Angelic Quartermaster","vow","Near Mint","German","","","2023-10-01 10:02:06.313000","2","False","False","0.22"
"1","1","Angel's Tomb","inr","Near Mint","English","","","2025-06-26 08:03:34.780000","253","False","False","0.04"
"1","1","Angrath's Marauders","lcc","Near Mint","English","","","2023-12-24 22:14:40.263000","215","False","False",""
"1","1","Animal Magnetism","cmm","Near Mint","English","","","2024-05-23 11:41:38.167000","271","False","False","0.07"
"1","1","Anje's Ravager","voc","Near Mint","German","","","2023-10-01 10:02:06.313000","141","False","False","0.40"
"1","1","Ankle Biter","otj","Near Mint","English","","","2024-05-23 11:41:04.933000","153","False","False","0.08"
"1","1","Ankle Biter","otj","Near Mint","English","foil","","2025-01-15 10:33:53.740000","153","False","False","0.16"
"1","1","Annie Flash, the Veteran","otj","Near Mint","German","","","2024-07-15 20:12:52.787000","190","False","False","0.47"
"1","1","Annoyed Altisaur","mh3","Near Mint","English","","","2024-07-05 08:01:04.880000","284","False","False","0.08"
"1","1","Annoyed Altisaur","cmr","Near Mint","English","","","2023-10-29 13:12:49.893000","216","False","False",""
"1","1","Anointed Deacon","xln","Near Mint","German","","","2023-10-01 10:02:06.313000","89","False","False","0.02"
"2","2","Another Chance","lci","Near Mint","English","","","2024-01-13 22:15:22.680000","90","False","False","0.09"
"1","1","Another Round","otj","Near Mint","English","","","2024-05-27 07:16:35.113000","1","False","False","0.22"
"1","1","Anowon, the Ruin Sage","voc","Near Mint","German","","","2023-10-01 10:02:06.313000","118","False","False","0.30"
"1","1","Anowon, the Ruin Thief","znc","Near Mint","German","foil","","2023-10-01 10:02:06.313000","1","False","False","0.75"
"1","1","Anthem of Champions","fdn","Near Mint","English","","","2025-01-15 10:33:53.740000","116","False","False","0.24"
"1","1","Anthropede","dsk","Near Mint","English","foil","","2025-01-15 10:34:31.127000","167","False","False","0.02"
"1","1","Anthropede","dsk","Near Mint","English","","","2025-05-12 07:21:23.767000","167","False","False","0.02"
"1","1","Anticipate","iko","Near Mint","German","","","2023-10-01 10:02:06.313000","40","False","False","0.11"
"1","1","Anzrag, the Quake-Mole","mkm","Near Mint","English","","","2024-05-28 15:22:22.600000","186","False","False","9.43"
"1","1","Apex Altisaur","lcc","Near Mint","English","","","2023-12-24 22:35:19.740000","232","False","False",""
"3","3","Apothecary Geist","inr","Near Mint","English","","","2025-06-26 08:03:34.780000","10","False","False","0.02"
"1","1","Apothecary Stomper","fdn","Near Mint","English","","","2025-01-15 10:34:31.127000","99","False","False","0.08"
"1","1","Appetite for the Unnatural","kld","Near Mint","German","","","2023-10-01 10:02:06.313000","141","False","False","0.05"
"1","1","Apprentice Sharpshooter","vow","Near Mint","German","","","2023-10-01 10:02:06.313000","185","False","False","0.02"
"1","1","Aquamoeba","dmr","Near Mint","German","","","2023-10-01 10:02:06.313000","38","False","False","0.05"
"1","1","Aquatic Alchemist // Bubble Up","woe","Near Mint","English","","","2023-10-01 10:02:06.313000","40","False","False","0.01"
"1","1","Aquatic Alchemist // Bubble Up","woe","Near Mint","English","foil","","2023-10-01 10:02:06.313000","40","False","False","0.09"
"2","2","Aqueous Form","cmr","Near Mint","German","","","2023-10-01 10:02:06.313000","56","False","False","0.08"
"1","1","Arachnoform","khm","Near Mint","German","","","2023-10-01 10:02:06.313000","159","False","False","0.03"
"1","1","Aragorn, the Uniter","ltr","Near Mint","English","foil","","2026-05-15 13:52:30.943000","741z","False","False",""
"1","1","Aragorn, the Uniter","ltr","Near Mint","English","","","2026-05-15 13:51:43.373000","192","False","False","12.00"
"2","2","Arashin Sunshield","tdm","Near Mint","English","","","2025-08-17 20:01:09.930000","3","False","False","0.07"
"1","1","Arbiter of Woe","fdn","Near Mint","English","","","2025-01-15 10:34:31.127000","55","False","False","0.10"
"2","2","Arborback Stomper","kld","Near Mint","German","","","2023-10-01 10:02:06.313000","142","False","False","0.01"
"1","1","Arcane Artisan","khc","Near Mint","German","","","2023-10-01 10:02:06.313000","36","False","False","0.30"
"1","1","Arcane Denial","ltc","Near Mint","English","","","2024-03-06 16:55:04.310000","184","False","False","2.86"
"1","1","Arcane Denial","voc","Near Mint","German","","","2023-10-01 10:02:06.313000","102","False","False","0.86"
"1","1","Arcane Epiphany","fdn","Near Mint","English","","","2025-01-15 10:33:53.740000","29","False","False","0.11"
"1","1","Arcane Sanctum","dmc","Near Mint","German","","","2023-10-01 10:02:06.313000","196","False","False","0.18"
"1","1","Arcane Signet","cmr","Near Mint","German","","","2023-10-01 10:02:06.313000","297","False","False","0.99"
"1","1","Arcane Signet","voc","Near Mint","German","","","2023-10-01 10:02:06.313000","159","False","False","0.96"
"1","1","Arcane Signet","voc","Near Mint","German","","","2023-10-01 10:02:06.313000","159","False","False","0.70"
"1","1","Arcane Signet","khc","Near Mint","German","","","2023-10-01 10:02:06.313000","96","False","False","0.72"
"1","1","Arcane Signet","tdc","Near Mint","English","","","2025-08-17 19:43:26.460000","105","False","False",""
"1","1","Arcane Signet","dmc","Near Mint","German","","","2023-10-01 10:02:06.313000","177","False","False","0.91"
"1","1","Arcane Signet","khc","Near Mint","German","","","2023-10-01 10:02:06.313000","96","False","False","0.72"
"1","1","Arcane Signet","znc","Near Mint","German","","","2023-10-01 10:02:06.313000","106","False","False","1.00"
"1","1","Arcane Signet","dmc","Near Mint","German","","","2023-10-01 10:02:06.313000","177","False","False","0.82"
"1","1","Arcane Signet","znc","Near Mint","German","","","2023-10-01 10:02:06.313000","106","False","False","1.00"
"4","4","Arcane Signet","lcc","Near Mint","English","","","2023-12-24 22:14:40.263000","299","False","False",""
"1","1","Arcbound Mouser","mh2","Near Mint","German","","","2023-10-01 10:02:06.313000","3","False","False","0.11"
"2","2","Arcbound Prototype","mh2","Near Mint","German","","","2023-10-01 10:02:06.313000","4","False","False","0.19"
"1","1","Arcbound Slasher","mh2","Near Mint","German","","","2023-10-01 10:02:06.313000","111","False","False","0.19"
"1","1","Arcbound Tracker","mh2","Near Mint","German","foil","","2023-10-01 10:02:06.313000","112","False","False","0.11"
"1","1","Arcbound Tracker","mh2","Near Mint","German","","","2023-10-01 10:02:06.313000","112","False","False","0.10"
"1","1","Arcbound Whelp","mh2","Near Mint","German","","","2023-10-01 10:02:06.313000","113","False","False","0.02"
"1","1","Arch of Orazca","lcc","Near Mint","English","","","2023-12-24 22:35:19.740000","319","False","False",""
"1","1","Archaeomancer","m14","Near Mint","English","","","2023-10-17 13:12:47.320000","43","False","False",""
"1","1","Archelos, Lagoon Mystic","dmc","Near Mint","German","","","2023-10-01 10:02:06.313000","140","False","False","0.15"
"1","1","Archers' Parapet","ktk","Near Mint","English","","","2024-01-22 09:23:23.377000","128","False","False","0.09"
"1","1","Archghoul of Thraben","inr","Near Mint","English","","","2025-06-26 08:03:34.780000","95","False","False","0.14"
"1","1","Archive Dragon","woe","Near Mint","English","","","2023-10-01 10:05:48.427000","41","False","False","0.04"
"1","1","Archive Trap","otp","Near Mint","English","","","2024-05-03 10:14:58.777000","7","False","False","1.46"
"1","1","Archive Trap","otp","Near Mint","English","","","2025-01-15 10:33:53.740000","7","False","False","1.47"
"1","1","Archmage Emeritus","pstx","Near Mint","German","","","2023-10-01 10:02:06.313000","37p","False","False","3.45"
"1","1","Archmage's Newt","otj","Near Mint","English","","","2024-07-15 20:47:13.160000","39","False","False","0.15"
"3","3","Archon of Sun's Grace","thb","Near Mint","German","","","2023-10-01 10:02:06.313000","3","False","False","0.50"
"1","1","Arctic Treeline","khm","Near Mint","German","","","2024-01-19 16:20:17.330000","249","False","False","0.34"
"1","1","Ardent Elementalist","mid","Near Mint","English","","","2023-10-30 08:50:23.500000","128","False","False",""
"1","1","Ardent Elementalist","mid","Near Mint","German","","","2023-10-01 10:02:06.313000","128","False","False","0.11"
"1","1","Ardenvale Tactician // Dizzying Swoop","eld","Near Mint","English","","","2023-11-06 11:56:50.143000","5","False","False",""
"1","1","Argent Dais","mh3","Near Mint","English","","","2024-07-05 08:01:04.880000","20","False","False","0.12"
"1","1","Argent Dais","mh3","Near Mint","English","foil","","2024-07-05 08:01:04.880000","20","False","False","0.33"
"1","1","Argivian Cavalier","dmu","Near Mint","German","","","2023-10-01 10:02:06.313000","4","False","False","0.03"
"1","1","Argivian Cavalier","dmu","Near Mint","German","","","2023-10-01 10:02:06.313000","4","False","False","0.05"
"1","1","Argothian Sprite","bro","Near Mint","German","","","2023-10-01 10:02:06.313000","168","False","False","0.02"
"1","1","Arid Archway","otj","Near Mint","English","","","2024-07-18 11:33:49.157000","252","False","False","0.33"
"1","1","Arid Mesa","mh2","Near Mint","German","","","2023-10-01 11:19:32.563000","244","False","True","11.71"
"1","1","Arlinn, Embraced by the Moon Emblem","tinr","Near Mint","English","","","2025-06-24 11:34:41.090000","23","False","False","0.18"
"2","2","Arlinn, Embraced by the Moon Emblem","tinr","Near Mint","English","","","2025-06-24 11:31:26.863000","23","False","False","0.19"
"1","1","Arlinn, the Pack's Hope // Arlinn, the Moon's Fury","mid","Near Mint","German","","","2024-05-28 15:27:19.673000","279","False","False","10.00"
"1","1","Arm the Cathars","dbl","Near Mint","German","","","2023-10-01 10:02:06.313000","270","False","False",""
"1","1","Armadillo Cloak","inv","Near Mint","English","","","2023-11-08 19:41:47.657000","229","False","False",""
"1","1","Armament Dragon","tdm","Near Mint","English","","","2025-08-17 20:01:09.930000","168","False","False","0.08"
"1","1","Armament Dragon","tdm","Near Mint","English","foil","","2025-08-17 20:01:09.930000","168","False","False","0.13"
"2","2","Armasaur Guide","fdn","Near Mint","English","","","2025-01-15 10:34:31.127000","3","False","False","0.06"
"1","1","Armguard Familiar","neo","Near Mint","German","","","2023-10-01 10:02:06.313000","46","False","False","0.03"
"1","1","Armguard Familiar","neo","Near Mint","German","","","2023-10-01 10:02:06.313000","46","False","False","0.06"
"1","1","Armillary Sphere","cmr","Near Mint","German","","","2023-10-01 10:02:06.313000","298","False","False","0.05"
"1","1","Arm-Mounted Anchor","lcc","Near Mint","English","","","2023-12-24 22:14:40.263000","99","False","False",""
"1","1","Armorcraft Judge","znc","Near Mint","German","","","2023-10-01 10:02:06.313000","60","False","False","0.10"
"2","2","Armorcraft Judge","kld","Near Mint","English","","","2023-10-01 10:02:06.313000","144","False","False","0.02"
"1","1","Armored Armadillo","otj","Near Mint","English","","","2024-05-23 11:41:04.933000","3","False","False","0.35"
"1","1","Armored Armadillo","otj","Near Mint","English","","","2024-05-27 07:16:35.113000","3","False","False","0.24"
"1","1","Armored Armadillo","otj","Near Mint","English","","","2024-05-03 10:14:58.777000","3","False","False","0.03"
"2","2","Armored Kincaller","lci","Near Mint","English","","","2024-01-13 22:15:22.680000","174","False","False","0.08"
"1","1","Armory Mice","woe","Near Mint","German","","","2023-10-25 10:26:22.653000","3","False","False","0.08"
"1","1","Arms of Hadar","clb","Near Mint","English","","","2023-11-02 12:21:35.203000","113","False","False",""
"1","1","Arni Brokenbrow","khm","Near Mint","German","","","2023-10-01 10:02:06.313000","120","False","False","0.05"
"1","1","Aron, Benalia's Ruin","dmu","Near Mint","German","","","2023-10-01 10:02:06.313000","193","False","False","0.08"
"1","1","Aron, Benalia's Ruin","dmu","Near Mint","German","","","2023-10-01 10:02:06.313000","292","False","False","0.04"
"1","1","Aron, Benalia's Ruin","tdc","Near Mint","English","","","2025-08-17 19:43:26.460000","280","False","False",""
"1","1","Aron, Benalia's Ruin","dmu","Near Mint","German","","","2023-10-01 10:02:06.313000","193","False","False","0.10"
"1","1","Aron, Benalia's Ruin","dmu","Near Mint","German","","","2023-10-01 10:02:06.313000","292","False","False","0.06"
"1","1","Arrester's Admonition","rna","Near Mint","German","","","2023-10-01 10:02:06.313000","31","False","False","0.02"
"3","3","Arrester's Zeal","rna","Near Mint","German","","","2023-10-01 10:02:06.313000","4","False","False","0.02"
"2","2","Arrogant Poet","stx","Near Mint","German","","","2023-10-01 10:02:06.313000","63","False","False","0.04"
"1","1","Arterial Alchemy","voc","Near Mint","German","","","2023-10-01 10:02:06.313000","23","False","False","0.10"
"1","1","Artillery Blast","dmu","Near Mint","German","","","2023-10-01 10:02:06.313000","6","False","False","0.01"
"1","1","Artillery Blast","dmu","Near Mint","German","","","2023-10-01 10:02:06.313000","6","False","False","0.08"
"1","1","Artist's Talent","blb","Near Mint","English","","","2025-05-12 07:22:57.933000","124","False","False","6.03"
"1","1","Arvad the Cursed","dmc","Near Mint","German","","","2023-10-01 10:02:06.313000","141","False","False","0.18"
"1","1","Ascendant Packleader","vow","Near Mint","German","","","2023-10-01 10:02:06.313000","186","False","False","1.08"
"1","1","Ash Barrens","cmm","Near Mint","English","","","2023-10-29 13:00:26.413000","419","False","False",""
"1","1","Ash, Party Crasher","woe","Near Mint","English","","","2023-10-01 10:02:06.313000","201","False","False","0.02"
"1","1","Ashaya, Soul of the Wild","znr","Near Mint","German","","","2023-10-01 10:02:06.313000","179","False","False","5.89"
"1","1","Ashes to Ashes","4bb","Near Mint","English","","","2023-11-08 19:42:56.190000","119","False","False",""
"1","1","Ashiok's Reaper","woe","Near Mint","German","","","2023-10-25 10:26:22.653000","79","False","False","0.16"
"1","1","Ashiok's Reaper","woe","Near Mint","English","","","2023-10-01 10:02:06.313000","79","False","False","0.08"
"1","1","Ashling the Pilgrim","dmc","Near Mint","German","","","2023-10-01 10:02:06.313000","119","False","False","0.15"
"1","1","Ashling, Flame Dancer","mh3","Near Mint","English","","","2024-07-05 07:59:23.137000","115","False","False","0.50"
"1","1","Ashnod, Flesh Mechanist","bro","Near Mint","German","","","2023-10-01 12:08:18.137000","84","False","False",""
"1","1","Ashnod's Altar","cmm","Near Mint","English","","","2023-10-01 11:19:40.500000","368","False","True","4.62"
"1","1","Ashnod's Intervention","bro","Near Mint","German","","","2023-10-01 10:02:06.313000","85","False","False","0.16"
"1","1","Ashroot Animist","fdn","Near Mint","English","","","2025-01-15 10:33:53.740000","117","False","False","0.18"
"1","1","Asmodeus the Archfiend","afr","Near Mint","German","","","2023-10-01 10:02:06.313000","88","False","False","0.30"
"1","1","Assassin's Ink","neo","Near Mint","German","","","2023-10-01 10:02:06.313000","87","False","False","0.16"
"2","2","Assassin's Ink","neo","Near Mint","German","","","2023-10-01 10:02:06.313000","87","False","False","0.02"
"1","1","Assassin's Trophy","2x2","Near Mint","English","","","2023-10-01 11:19:48.150000","175","False","True","6.59"
"1","1","Assimilation Aegis","otj","Near Mint","English","","","2024-05-28 15:11:09.220000","192","False","False","1.55"
"1","1","Asylum Visitor","inr","Near Mint","English","","","2025-08-17 19:58:10.573000","96","False","False","0.15"
"1","1","Asylum Visitor","inr","Near Mint","English","","","2025-06-26 08:03:34.780000","96","False","False","0.17"
"1","1","At Knifepoint","otj","Near Mint","English","","","2024-07-15 20:47:13.160000","193","False","False","0.11"
"1","1","Atla Palani, Nest Tender","dmc","Near Mint","German","","","2023-10-01 10:02:06.313000","142","False","False","0.19"
"1","1","Attended Knight","mm3","Near Mint","English","","","2023-10-17 13:10:33.940000","1","False","False",""
"1","1","Attended Socialite","snc","Near Mint","German","","","2023-10-01 10:02:06.313000","133","False","False","0.02"
"1","1","Attentive Sunscribe","lci","Near Mint","English","","","2024-01-13 22:15:22.680000","4","False","False","0.08"
"2","2","Attuned Hunter","tdm","Near Mint","English","","","2025-08-17 20:01:09.930000","135","False","False","0.07"
"2","2","Atzocan Archer","xln","Near Mint","German","","","2023-10-01 10:02:06.313000","176","False","False","0.10"
"1","1","Atzocan Seer","lcc","Near Mint","English","","","2023-12-24 22:35:19.740000","265","False","False",""
"3","3","Audacious Infiltrator","aer","Near Mint","German","","","2023-10-01 10:02:06.313000","7","False","False","0.05"
"1","1","Audacity","bro","Near Mint","German","","","2023-10-01 10:02:06.313000","169","False","False","0.12"
"3","3","Augmenting Automaton","aer","Near Mint","German","","","2023-10-01 10:02:06.313000","143","False","False","0.05"
"1","1","Augury Raven","khm","Near Mint","English","","","2023-11-06 12:02:45.803000","44","False","False",""
"1","1","Auroral Procession","tdm","Near Mint","English","foil","","2025-08-17 20:01:00.603000","169","False","False","0.62"
"2","2","Auroral Procession","tdm","Near Mint","English","","","2025-08-17 20:01:00.603000","169","False","False","0.28"
"3","3","Auspicious Arrival","mkm","Near Mint","English","","","2024-03-06 16:55:17.200000","5","False","False","0.02"
"1","1","Austere Command","lcc","Near Mint","English","","","2023-12-24 22:40:47.713000","126","False","False",""
"1","1","Automated Artificer","neo","Near Mint","German","","","2023-10-01 10:02:06.313000","239","False","False","0.03"
"1","1","Automated Artificer","neo","Near Mint","German","","","2023-10-01 10:02:06.313000","239","False","False","0.04"
"2","2","Automated Artificer","neo","Near Mint","German","","","2023-10-01 10:02:06.313000","239","False","False","0.09"
"1","1","Automatic Librarian","dmu","Near Mint","German","","","2023-10-01 10:02:06.313000","229","False","False","0.01"
"1","1","Avacynian Missionaries // Lunarch Inquisitors","soi","Near Mint","German","","","2023-10-01 10:02:06.313000","6","False","False","0.04"
"3","3","Avacynian Priest","inr","Near Mint","English","","","2025-06-26 08:03:34.780000","12","False","False","0.04"
"1","1","Avacyn's Judgment","voc","Near Mint","German","","","2023-10-01 10:02:06.313000","142","False","False","0.05"
"2","2","Avarax","dmr","Near Mint","German","","","2023-10-01 10:02:06.313000","112","False","False","0.02"
"1","1","Avatar of Slaughter","cmm","Near Mint","English","","","2024-05-23 11:41:38.167000","206","False","False","0.16"
"2","2","Aven Fateshaper","dmr","Near Mint","German","","","2023-10-01 10:02:06.313000","40","False","False","0.05"
"1","1","Aven Fisher","dmr","Near Mint","English","","","2023-11-16 17:55:29.123000","41","False","False",""
"1","1","Aven Fisher","dmr","Near Mint","German","","","2023-10-01 10:02:06.313000","41","False","False","0.02"
"1","1","Aven Gagglemaster","m21","Near Mint","English","","","2023-10-01 10:02:06.313000","5","False","False","0.02"
"1","1","Aven Gagglemaster","m21","Near Mint","English","","","2023-10-01 10:02:06.313000","5","False","False","0.02"
"1","1","Aven Heartstabber","snc","Near Mint","German","","","2023-10-01 10:02:06.313000","166","False","False","0.04"
"1","1","Aven of Enduring Hope","hou","Near Mint","German","","","2023-10-01 10:02:06.313000","5","False","False","0.02"
"1","1","Avenger of the Fallen","tdm","Near Mint","English","","","2025-08-17 20:01:00.603000","73","False","False","0.49"
"1","1","Avenger of Zendikar","cmr","Near Mint","German","","","2023-10-01 10:02:06.313000","422","False","False","5.98"
"3","3","Aviary Mechanic","kld","Near Mint","German","","","2023-10-01 10:02:06.313000","6","False","False","0.33"
"2","2","Avishkar Raceway","dft","Near Mint","English","","","2025-05-12 09:13:48.623000","249","False","False","0.10"
"1","1","Awaken the Honored Dead","tdm","Near Mint","English","","","2025-08-17 20:01:00.603000","170","False","False","0.41"
"2","2","Axebane Beast","rna","Near Mint","German","","","2023-10-01 10:02:06.313000","121","False","False","0.02"
"1","1","Axebane Ferox","mkm","Near Mint","English","foil","","2024-03-06 16:55:04.310000","153","False","False","0.14"
"4","4","Axgard Cavalry","khm","Near Mint","German","","","2023-10-01 10:02:06.313000","121","False","False","0.19"
"2","2","Axgard Cavalry","fdn","Near Mint","English","","","2025-01-15 10:34:31.127000","189","False","False","0.04"
"1","1","Axgard Cavalry","khm","Near Mint","German","","","2023-10-01 10:02:06.313000","121","False","False","0.08"
"1","1","Azorius Chancery","khc","Near Mint","German","","","2023-10-01 10:02:06.313000","106","False","False","0.04"
"1","1","Azorius Chancery","voc","Near Mint","German","","","2023-10-01 10:02:06.313000","171","False","False","0.08"
"1","1","Azorius Chancery","c18","Near Mint","English","","","2023-10-29 13:39:32.343000","233","False","False",""
"3","3","Azorius Guildgate","rna","Near Mint","German","","","2024-01-19 16:20:17.330000","244","False","False","0.05"
"2","2","Azorius Guildgate","rna","Near Mint","German","","","2024-01-19 16:20:17.330000","243","False","False","0.07"
"1","1","Azorius Guildgate","khc","Near Mint","German","","","2023-10-01 10:02:06.313000","107","False","False","0.02"
"1","1","Azorius Knight-Arbiter","rna","Near Mint","German","","","2023-10-01 10:02:06.313000","154","False","False","0.02"
"1","1","Azorius Locket","voc","Near Mint","German","","","2023-10-01 10:02:06.313000","160","False","False","0.02"
"1","1","Azorius Signet","voc","Near Mint","German","","","2023-10-01 10:02:06.313000","161","False","False","0.35"
"1","1","Azorius Signet","khc","Near Mint","German","","","2023-10-01 10:02:06.313000","97","False","False","0.25"
"1","1","Azure Fleet Admiral","lcc","Near Mint","English","","","2023-12-24 22:14:40.263000","144","False","False",""
"1","1","Azusa, Lost but Seeking","m21","Near Mint","German","","","2023-10-01 10:02:06.313000","173","False","False","5.44"
"1","1","Azusa, Lost but Seeking","cmm","Near Mint","English","","","2024-07-15 20:17:12.123000","274","False","False","4.05"
"1","1","Azusa's Many Journeys // Likeness of the Seeker","neo","Near Mint","German","","","2023-10-01 10:02:06.313000","172","False","False","0.18"
"1","1","Back for More","otp","Near Mint","English","","","2024-05-03 10:14:58.777000","36","False","False","0.06"
"1","1","Back for More","otp","Near Mint","English","","","2025-01-15 10:34:31.127000","36","False","False","0.07"
"1","1","Back for Seconds","woe","Near Mint","German","","","2023-10-25 10:26:22.653000","80","False","False","0.20"
"1","1","Backstreet Bruiser","snc","Near Mint","German","","","2023-10-01 10:02:06.313000","35","False","False","0.02"
"1","1","Backup Agent","snc","Near Mint","German","","","2023-10-01 10:02:06.313000","2","False","False","0.02"
"1","1","Bad River","dmc","Near Mint","German","","","2023-10-01 10:02:06.313000","197","False","False","0.65"
"1","1","Badlands Revival","otj","Near Mint","English","","","2024-05-23 11:41:04.933000","194","False","False","0.09"
"1","1","Badlands Revival","otj","Near Mint","English","","","2024-07-15 20:47:13.160000","194","False","False","0.14"
"1","1","Bag End Porter","ltr","Near Mint","English","","","2023-10-01 10:02:06.313000","153","False","False","0.02"
"1","1","Baird, Argivian Recruiter","dmu","Near Mint","German","","","2023-10-01 10:02:06.313000","294","False","False","0.06"
"2","2","Bake into a Pie","fdn","Near Mint","English","","","2025-01-15 10:34:31.127000","169","False","False","0.04"
"1","1","Bakersbane Duo","blb","Near Mint","English","foil","","2025-05-12 07:22:57.933000","163","False","False","0.19"
"1","1","Baleful Strix","dmc","Near Mint","German","","","2023-10-01 10:02:06.313000","143","False","False","1.82"
"1","1","Balemurk Leech","dsk","Near Mint","English","","","2025-05-12 07:21:23.767000","84","False","False","0.11"
"1","1","Ballista Watcher // Ballista Wielder","vow","Near Mint","German","","","2023-10-01 10:02:06.313000","143","False","False","0.02"
"1","1","Ballroom Brawlers","snc","Near Mint","German","","","2023-10-01 10:02:06.313000","3","False","False","0.12"
"1","1","Balmor, Battlemage Captain","fdn","Near Mint","English","","","2025-01-15 10:34:31.127000","237","False","False","0.09"
"1","1","Balmor, Battlemage Captain","dmu","Near Mint","German","","","2023-10-01 10:02:06.313000","196","False","False","0.09"
"2","2","Balustrade Wurm","dsk","Near Mint","English","","","2025-05-12 07:21:10.983000","168","False","False","0.12"
"2","2","Bamboo Grove Archer","neo","Near Mint","German","","","2023-10-01 10:02:06.313000","173","False","False","0.25"
"1","1","Bamboo Grove Archer","neo","Near Mint","German","","","2023-10-01 10:02:06.313000","173","False","False","0.08"
"1","1","Bandit's Haul","otj","Near Mint","English","","","2024-05-27 07:16:35.113000","240","False","False","0.10"
"1","1","Bandit's Talent","blb","Near Mint","English","","","2025-05-12 07:22:57.933000","83","False","False","0.16"
"1","1","Baneblade Scoundrel // Baneclaw Marauder","mid","Near Mint","German","","","2023-10-01 10:02:06.313000","289","False","False","0.02"
"2","2","Bane's Invoker","clb","Near Mint","German","","","2023-10-01 10:02:06.313000","7","False","False","0.15"
"1","1","Banishing Light","znc","Near Mint","German","","","2023-10-01 10:02:06.313000","11","False","False","0.07"
"2","2","Banishing Light","fdn","Near Mint","English","","","2025-01-15 10:34:31.127000","138","False","False","0.06"
"4","4","Banishing Light","thb","Near Mint","German","","","2023-10-01 10:02:06.313000","4","False","False","0.05"
"1","1","Banishing Light","khc","Near Mint","German","","","2023-10-01 10:02:06.313000","19","False","False","0.04"
"1","1","Banishing Slash","neo","Near Mint","German","","","2023-10-01 10:02:06.313000","3","False","False","0.17"
"2","2","Banishing Slash","neo","Near Mint","German","","","2023-10-01 10:02:06.313000","3","False","False","0.05"
"2","2","Banner of Kinship","fdn","Near Mint","English","","","2025-01-15 10:33:53.740000","127","False","False","4.95"
"1","1","Bannerhide Krushok","mh2","Near Mint","German","","","2023-10-01 10:02:06.313000","149","False","False","0.04"
"1","1","Bannerhide Krushok","mh2","Near Mint","English","","","2023-10-30 08:48:23.190000","149","False","False",""
"1","1","Barbarian Ring","mh3","Near Mint","English","","","2024-07-05 08:01:04.880000","299","False","False","0.02"
"1","1","Barbed Batterfist","one","Near Mint","English","","","2023-10-30 09:01:50.997000","121","False","False",""
"4","4","Barkform Harvester","blb","Near Mint","English","","","2025-05-12 07:23:08.587000","243","False","False","0.09"
"1","1","Bark-Knuckle Boxer","blb","Near Mint","English","","","2025-05-12 07:23:08.587000","164","False","False","0.12"
"1","1","Barkweave Crusher","dmu","Near Mint","German","","","2023-10-01 10:02:06.313000","154","False","False","0.02"
"1","1","Barkweave Crusher","dmu","Near Mint","German","","","2023-10-01 10:02:06.313000","154","False","False","0.05"
"1","1","Baron Bertram Graywater","otj","Near Mint","German","","","2024-05-23 11:40:20.207000","195","False","False","0.14"
"1","1","Baron Bertram Graywater","otj","Near Mint","English","","","2024-05-03 10:14:58.777000","195","False","False","0.15"
"1","1","Barony Vampire","m20","Near Mint","German","","","2023-10-01 10:02:06.313000","85","False","False","0.01"
"1","1","Barricade Breaker","aer","Near Mint","German","","","2023-10-01 10:02:06.313000","144","False","False","0.03"
"1","1","Barricade Breaker","aer","Near Mint","German","","","2023-10-01 10:02:06.313000","144","False","False","0.02"
"1","1","Barrow Naughty","woe","Near Mint","German","","","2023-10-25 10:26:22.653000","81","False","False","0.11"
"1","1","Bartolomé del Presidio","lci","Near Mint","English","","","2023-12-24 22:40:47.713000","224","False","False",""
"1","1","Bartolomé del Presidio","lci","Near Mint","English","","","2024-01-13 22:15:22.680000","224","False","False","0.13"
"1","1","Basalt Ravager","khm","Near Mint","German","","","2023-10-01 10:02:06.313000","122","False","False","0.04"
"1","1","Baseball Bat","dsk","Near Mint","English","","","2025-05-12 07:21:23.767000","209","False","False","0.03"
"1","1","Baseball Bat","dsk","Near Mint","English","foil","","2025-01-15 10:34:31.127000","209","False","False","0.09"
"1","1","Bashful Beastie","dsk","Near Mint","English","","","2025-05-12 07:21:23.767000","169","False","False","0.05"
"1","1","Basilica Bell-Haunt","rna","Near Mint","German","","","2023-10-01 10:02:06.313000","156","False","False","0.14"
"1","1","Basilica Screecher","gtc","Near Mint","English","","","2023-11-06 11:07:57.270000","58","False","False",""
"1","1","Basilisk Gate","clb","Near Mint","German","","","2024-01-19 16:20:17.330000","346","False","False","1.30"
"1","1","Basilisk Gate","clb","Near Mint","English","","","2023-11-02 12:22:42.180000","346","False","False",""
"2","2","Basking Broodscale","mh3","Near Mint","English","","","2024-07-05 08:01:04.880000","145","False","False","0.41"
"1","1","Basking Capybara","lci","Near Mint","English","","","2024-01-13 22:15:22.680000","175","False","False","0.07"
"1","1","Basri's Acolyte","m21","Near Mint","English","","","2023-11-06 11:58:53.050000","8","False","False",""
"1","1","Bastion Enforcer","aer","Near Mint","German","","","2023-10-01 10:02:06.313000","8","False","False","0.05"
"1","1","Bastion Inventor","aer","Near Mint","German","","","2023-10-01 10:02:06.313000","30","False","False","0.05"
"2","2","Bastion Inventor","aer","Near Mint","German","","","2023-10-01 10:02:06.313000","30","False","False","0.04"
"2","2","Bastion Mastodon","kld","Near Mint","German","","","2023-10-01 10:02:06.313000","197","False","False","0.03"
"1","1","Bastion of Remembrance","tdc","Near Mint","English","","","2025-08-17 19:43:26.460000","171","False","False",""
"1","1","Bastion of Remembrance","iko","Near Mint","German","","","2023-10-01 10:02:06.313000","73","False","False","2.08"
"2","2","Bat","tblb","Near Mint","English","","","2025-05-13 14:43:01.890000","10","False","False","0.17"
"3","3","Battle Plan","mh2","Near Mint","German","","","2023-10-01 10:02:06.313000","114","False","False","0.02"
"1","1","Battle Screech","onc","Near Mint","English","","","2023-11-06 10:53:28.083000","59","False","False",""
"1","1","Battle Screech","cmm","Near Mint","English","","","2024-05-23 11:41:38.167000","17","False","False","0.10"
"1","1","Battlefield Forge","tdc","Near Mint","English","","","2025-08-17 19:43:26.460000","340","False","False",""
"1","1","Battlefield Forge","dmc","Near Mint","German","","","2023-10-01 10:02:06.313000","198","False","False","0.55"
"1","1","Battlefield Promotion","war","Near Mint","German","","","2023-10-01 10:02:06.313000","5","False","False","0.02"
"1","1","Battlefield Raptor","khm","Near Mint","German","","","2023-10-01 10:02:06.313000","3","False","False","0.05"
"1","1","Battlefly Swarm","dmu","Near Mint","German","","","2023-10-01 10:02:06.313000","81","False","False","0.06"
"2","2","Battleground Geist","inr","Near Mint","English","","","2025-06-26 08:03:34.780000","53","False","False","0.04"
"2","2","Battle-Rage Blessing","dmu","Near Mint","German","","","2023-10-01 10:02:06.313000","80","False","False","0.04"
"1","1","Battle-Rage Blessing","dmu","Near Mint","German","","","2023-10-01 10:02:06.313000","80","False","False","0.04"
"1","1","Battlewing Mystic","dmu","Near Mint","German","","","2023-10-01 10:02:06.313000","43","False","False","0.06"
"1","1","Battlewing Mystic","dmu","Near Mint","German","","","2023-10-01 10:02:06.313000","43","False","False","0.08"
"1","1","Baylen, the Haymaker","blb","Near Mint","English","","","2025-05-12 07:22:57.933000","205","False","False","0.57"
"1","1","Bayou Groff","stx","Near Mint","English","","","2023-10-30 08:47:09.947000","121","False","False",""
"1","1","Beaming Defiance","stx","Near Mint","German","","","2023-10-01 10:02:06.313000","9","False","False","0.02"
"1","1","Beamtown Beatstick","mom","Near Mint","English","","","2023-10-01 10:02:06.313000","131","False","False","0.07"
"1","1","Beanstalk Giant // Fertile Footsteps","plst","Near Mint","German","","","2024-07-18 08:39:02.137000","ELD-295","False","False","0.15"
"2","2","Beanstalk Wurm // Plant Beans","woe","Near Mint","German","","","2023-10-25 10:26:22.653000","161","False","False","0.10"
"1","1","Bear Trap","dsk","Near Mint","English","","","2025-05-12 07:21:23.767000","243","False","False","0.03"
"4","4","Bearer of Glory","tdm","Near Mint","English","","","2025-08-17 20:01:09.930000","4","False","False","0.04"
"1","1","Bearer of Memory","neo","Near Mint","German","","","2023-10-01 10:02:06.313000","174","False","False","0.03"
"1","1","Bearer of Memory","neo","Near Mint","German","foil","","2023-10-01 10:02:06.313000","174","False","False","0.15"
"1","1","Bearer of Memory","neo","Near Mint","German","","","2023-10-01 10:02:06.313000","174","False","False","0.02"
"1","1","Bear's Companion","ktk","Near Mint","English","","","2024-01-22 09:23:23.377000","167","False","False","0.07"
"1","1","Beast","tmh2","Near Mint","English","","","2024-07-18 12:58:07.553000","9","False","False","0.15"
"1","1","Beast Whisperer","khc","Near Mint","German","","","2023-10-01 10:02:06.313000","54","False","False","0.99"
"1","1","Beast Within","c19","Near Mint","German","","","2023-10-01 10:02:06.313000","157","False","False","0.98"
"1","1","Beast Within","lcc","Near Mint","English","","","2023-12-24 22:38:06.913000","233","False","False",""
"1","1","Beast Within","dmc","Near Mint","German","","","2023-10-01 10:02:06.313000","129","False","False","0.84"
"2","2","Beast-Kin Ranger","fdn","Near Mint","English","","","2025-01-15 10:34:31.127000","100","False","False","0.10"
"1","1","Beastmaster Ascension","ncc","Near Mint","English","","","2023-10-01 11:20:00.270000","283","False","True","4.53"
"1","1","Beastrider Vanguard","dft","Near Mint","English","","","2025-05-13 14:42:16.270000","154","False","False","0.05"
"1","1","Beastrider Vanguard","dft","Near Mint","English","","","2025-05-12 09:15:55.100000","154","False","False","0.05"
"1","1","Beckoning Will-o'-Wisp","clb","Near Mint","German","foil","","2023-10-01 10:02:06.313000","10","False","False","0.14"
"1","1","Beckoning Will-o'-Wisp","clb","Near Mint","German","","","2023-10-01 10:02:06.313000","10","False","False","0.10"
"1","1","Bedevil","otp","Near Mint","English","","","2024-07-15 20:47:13.160000","37","False","False","0.28"
"1","1","Bedevil","dmc","Near Mint","German","","","2023-10-01 10:02:06.313000","144","False","False","0.47"
"1","1","Bedhead Beastie","dsk","Near Mint","English","","","2025-05-12 07:21:23.767000","125","False","False","0.02"
"1","1","Beetleback Chief","tdc","Near Mint","English","","","2025-08-17 19:43:26.460000","205","False","False",""
"1","1","Beetleback Chief","ddn","Near Mint","English","","","2023-10-30 09:06:54.337000","14","False","False",""
"4","4","Befriending the Moths // Imperial Moth","neo","Near Mint","German","","","2023-10-01 10:02:06.313000","4","False","False","0.05"
"1","1","Befriending the Moths // Imperial Moth","neo","Near Mint","German","","","2023-10-01 10:02:06.313000","4","False","False","0.05"
"1","1","Befriending the Moths // Imperial Moth","neo","Near Mint","German","","","2023-10-01 10:02:06.313000","4","False","False","0.05"
"1","1","Behind the Mask","mkm","Near Mint","German","","","2024-03-06 16:55:17.200000","39","False","False","0.03"
"1","1","Behold the Multiverse","khm","Near Mint","English","","","2023-11-06 12:03:02.860000","46","False","False",""
"2","2","Behold the Multiverse","khm","Near Mint","German","","","2023-10-01 10:02:06.313000","46","False","False","0.12"
"1","1","Behold the Multiverse","khm","Near Mint","German","","","2023-10-01 10:02:06.313000","46","False","False","0.12"
"1","1","Beledros Witherbloom","stx","Near Mint","English","","","2023-10-01 11:20:31.397000","163","False","True","10.58"
"1","1","Bell Borca, Spectral Sergeant","dmc","Near Mint","German","","","2023-10-01 10:02:06.313000","145","False","False","0.10"
"1","1","Belligerent Brontodon","xln","Near Mint","German","","","2023-10-01 10:02:06.313000","218","False","False","0.02"
"1","1","Belligerent Guest","vow","Near Mint","German","foil","","2023-10-01 10:02:06.313000","144","False","False","0.11"
"3","3","Belligerent Guest","vow","Near Mint","German","","","2023-10-01 10:02:06.313000","144","False","False","0.02"
"1","1","Belligerent of the Ball","woe","Near Mint","German","","","2023-10-25 10:26:22.653000","120","False","False","0.08"
"1","1","Belligerent Yearling","lci","Near Mint","English","","","2024-01-13 22:15:22.680000","320","False","False","0.12"
"1","1","Bellowing Aegisaur","xln","Near Mint","German","","","2023-10-01 10:02:06.313000","4","False","False","0.08"
"1","1","Bellowing Aegisaur","lcc","Near Mint","English","","","2023-12-24 22:35:19.740000","127","False","False",""
"3","3","Bellowing Bruiser // Beat a Path","woe","Near Mint","English","","","2023-10-01 10:02:06.313000","121","False","False","0.01"
"1","1","Bellowing Crier","blb","Near Mint","English","","","2025-05-12 07:23:08.587000","42","False","False","0.05"
"1","1","Bellowing Crier","blb","Near Mint","English","foil","","2025-01-15 10:33:53.740000","42","False","False","0.11"
"1","1","Bellowing Crier","blb","Near Mint","English","foil","","2025-05-12 07:22:57.933000","42","False","False","0.12"
"1","1","Bellowing Saddlebrute","ktk","Near Mint","English","","","2024-01-22 09:23:23.377000","64","False","False","0.07"
"1","1","Bellowing Saddlebrute","ktk","Near Mint","German","","","2023-10-01 10:02:06.313000","64","False","False","0.02"
"1","1","Beloved Beggar // Generous Soul","mid","Near Mint","German","","","2023-10-01 10:02:06.313000","3","False","False","0.01"
"1","1","Beluna's Gatekeeper // Entry Denied","woe","Near Mint","English","","","2023-10-01 10:02:06.313000","43","False","False","0.02"
"1","1","Benalish Faithbonder","dmu","Near Mint","German","","","2023-10-01 10:02:06.313000","7","False","False","0.01"
"1","1","Benalish Faithbonder","dmu","Near Mint","German","","","2023-10-01 10:02:06.313000","7","False","False","0.03"
"1","1","Benalish Faithbonder","dmu","Near Mint","German","","","2023-10-01 10:02:06.313000","7","False","False","0.01"
"1","1","Benalish Sleeper","dmu","Near Mint","German","","","2023-10-01 10:02:06.313000","8","False","False","0.05"
"1","1","Benalish Sleeper","dmu","Near Mint","German","","","2023-10-01 10:02:06.313000","8","False","False","0.12"
"1","1","Benalish Sleeper","dmu","Near Mint","German","","","2023-10-01 10:02:06.313000","8","False","False","0.04"
"1","1","Beneath the Sands","hou","Near Mint","German","","","2023-10-01 10:02:06.313000","111","False","False","0.02"
"1","1","Benevolent Blessing","cmr","Near Mint","German","","","2023-10-01 10:02:06.313000","13","False","False","0.07"
"1","1","Benevolent Offering","voc","Near Mint","German","","","2023-10-01 10:02:06.313000","78","False","False","0.22"
"1","1","Benthic Biomancer","lcc","Near Mint","English","","","2023-12-24 22:38:06.913000","145","False","False",""
"2","2","Benthic Criminologists","mkm","Near Mint","English","","","2024-03-06 16:55:17.200000","40","False","False","0.02"
"2","2","Bestow Greatness","dft","Near Mint","English","","","2025-05-12 09:15:43.790000","155","False","False","0.12"
"1","1","Betor, Kin to All","tdm","Near Mint","English","foil","","2025-06-24 11:34:11.477000","172","False","False","7.75"
"1","1","Betrayal at the Vault","otj","Near Mint","English","","","2024-07-15 20:47:13.160000","155","False","False","0.07"
"1","1","Betrayal at the Vault","otj","Near Mint","German","","","2024-05-23 11:40:20.207000","155","False","False","0.09"
"1","1","Bewitching Leechcraft","ltr","Near Mint","English","","","2023-10-01 10:02:06.313000","41","False","False","0.03"
"1","1","Bident of Thassa","lcc","Near Mint","English","","","2023-12-24 22:14:40.263000","146","False","False",""
"1","1","Big Score","snc","Near Mint","German","","","2023-10-01 10:02:06.313000","102","False","False","0.14"
"3","3","Bigfin Bouncer","fdn","Near Mint","English","","","2025-01-15 10:34:31.127000","31","False","False","0.05"
"1","1","Bigfin Bouncer","fdn","Near Mint","English","foil","","2025-01-15 10:33:53.740000","31","False","False","0.09"
"1","1","Bilbo, Retired Burglar","ltr","Near Mint","English","","","2023-10-01 10:02:06.313000","196","False","False","0.08"
"1","1","Bill Ferny, Bree Swindler","ltr","Near Mint","English","","","2024-01-22 09:23:23.377000","42","False","False","0.05"
"1","1","Bill the Pony","ltr","Near Mint","English","","","2024-01-22 09:23:23.377000","3","False","False","0.07"
"1","1","Bind the Monster","khm","Near Mint","English","","","2023-11-06 10:58:21.673000","48","False","False",""
"1","1","Binding the Old Gods","khm","Near Mint","German","","","2023-10-01 10:02:06.313000","206","False","False","0.42"
"1","1","Binding the Old Gods","khm","Near Mint","German","","","2023-10-01 10:02:06.313000","206","False","False","0.23"
"2","2","Biogenic Upgrade","rna","Near Mint","German","","","2023-10-01 10:02:06.313000","123","False","False","0.14"
"1","1","Biolume Egg // Biolume Serpent","dbl","Near Mint","German","","","2023-10-01 10:02:06.313000","316","False","False",""
"1","1","Biolume Egg // Biolume Serpent","inr","Near Mint","English","","","2025-06-26 08:03:34.780000","54","False","False","0.06"
"1","1","Bird","tdmu","Near Mint","English","","","2024-07-18 12:58:07.553000","2","False","False","0.09"
"1","1","Bird","tdmr","Near Mint","German","","","2024-07-18 12:58:07.553000","1","False","False","0.12"
"1","1","Bird","twoe","Near Mint","English","","","2024-07-18 12:58:07.553000","1","False","False","0.16"
"1","1","Bird Admirer // Wing Shredder","mid","Near Mint","German","","","2023-10-01 10:02:06.313000","169","False","False","0.10"
"1","1","Bird Admirer // Wing Shredder","mid","Near Mint","German","","","2023-10-01 10:02:06.313000","298","False","False","0.02"
"1","1","Birds of Paradise","gk2","Near Mint","English","","","2023-10-01 11:20:41.707000","82","False","True","6.93"
"2","2","Bite Down","fdn","Near Mint","English","","","2025-01-15 10:34:31.127000","212","False","False","0.06"
"1","1","Bite Down","dmu","Near Mint","German","","","2023-10-01 10:02:06.313000","155","False","False","0.06"
"1","1","Bite Down","dmu","Near Mint","German","","","2023-10-01 10:02:06.313000","155","False","False","0.06"
"2","2","Bite Down on Crime","mkm","Near Mint","English","","","2024-03-06 16:55:17.200000","154","False","False","0.05"
"1","1","Biting-Palm Ninja","neo","Near Mint","German","","","2023-10-01 10:02:06.313000","88","False","False","0.54"
"1","1","Biting-Palm Ninja","pneo","Near Mint","German","foil","","2023-10-01 10:02:06.313000","88s","False","False","0.75"
"1","1","Bitter Chill","woe","Near Mint","German","","","2023-10-25 10:26:22.653000","44","False","False","0.07"
"1","1","Bitter Triumph","lci","Near Mint","English","","","2024-01-13 22:15:22.680000","91","False","False","0.84"
"1","1","Bitter Triumph","tdc","Near Mint","English","","","2025-08-17 19:43:26.460000","173","False","False",""
"1","1","Bitterbow Sharpshooters","hou","Near Mint","German","","","2023-10-01 10:02:06.313000","112","False","False","0.01"
"2","2","Black Dragon","afr","Near Mint","German","","","2023-10-01 10:02:06.313000","90","False","False","0.10"
"1","1","Black Dragon Gate","clb","Near Mint","English","","","2023-11-02 12:23:11.687000","347","False","False",""
"1","1","Black Market Connections","lcc","Near Mint","English","","","2023-12-24 22:14:40.263000","181","False","False",""
"1","1","Blackblade Reforged","dmc","Near Mint","German","","","2023-10-01 10:02:06.313000","178","False","False","0.24"
"1","1","Blackblade Reforged","znc","Near Mint","German","","","2023-10-01 10:02:06.313000","107","False","False","0.33"
"2","2","Blackbloom Rogue // Blackbloom Bog","znr","Near Mint","German","","","2023-10-01 10:02:06.313000","91","False","False","0.08"
"1","1","Blacksmith's Skill","mh2","Near Mint","German","","","2023-10-01 10:02:06.313000","6","False","False","0.12"
"1","1","Blacksmith's Skill","mh2","Near Mint","German","","","2023-10-01 10:02:06.313000","381","False","False","0.02"
"1","1","Blacksmith's Talent","blb","Near Mint","English","","","2025-05-12 07:23:08.587000","125","False","False","0.11"
"1","1","Blacksnag Buzzard","otj","Near Mint","English","","","2024-05-27 07:16:35.113000","79","False","False","0.03"
"1","1","Blacksnag Buzzard","otj","Near Mint","English","","","2024-05-23 11:41:04.933000","79","False","False","0.03"
"2","2","Blacksnag Buzzard","otj","Near Mint","English","","","2024-05-03 10:14:58.777000","79","False","False","0.03"
"1","1","Blade of Selves","tdc","Near Mint","English","","","2025-08-17 19:43:26.460000","313","False","False",""
"1","1","Blade of the Bloodchief","lcc","Near Mint","English","","","2023-12-24 22:40:47.713000","300","False","False",""
"1","1","Blade of the Oni","neo","Near Mint","German","","","2024-05-28 15:05:44.910000","377","False","False","4.21"
"1","1","Bladebrand","mid","Near Mint","German","","","2023-10-01 10:02:06.313000","87","False","False","0.02"
"1","1","Bladegriff Prototype","cmr","Near Mint","German","","","2023-10-01 10:02:06.313000","300","False","False","0.11"
"1","1","Bladestitched Skaab","inr","Near Mint","English","","","2025-08-17 19:58:22.487000","426","False","False","0.22"
"1","1","Bladestitched Skaab","mid","Near Mint","German","","","2023-10-01 10:02:06.313000","212","False","False","0.04"
"1","1","Bladestitched Skaab","inr","Near Mint","English","","","2025-08-17 19:58:10.573000","231","False","False","0.08"
"1","1","Bladewing, Deathless Tyrant","dmc","Near Mint","German","","","2023-10-01 10:02:06.313000","9","False","False","1.73"
"2","2","Blanchwood Armor","bro","Near Mint","German","","","2023-10-01 10:02:06.313000","171","False","False","0.14"
"1","1","Blanchwood Prowler","bro","Near Mint","German","","","2023-10-01 10:02:06.313000","172","False","False","0.08"
"1","1","Blasphemous Act","lcc","Near Mint","English","","","2023-12-24 22:14:40.263000","216","False","False",""
"1","1","Blasphemous Act","voc","Near Mint","German","","","2023-10-01 10:02:06.313000","143","False","False","1.00"
"3","3","Blazing Torch","inr","Near Mint","English","","","2025-06-26 08:03:34.780000","254","False","False","0.02"
"1","1","Blazing Volley","iko","Near Mint","German","","","2023-10-01 10:02:06.313000","107","False","False","0.03"
"1","1","Bleachbone Verge","dft","Near Mint","English","","","2025-05-12 09:13:48.623000","250","False","False","7.66"
"1","1","Blessed Defiance","mid","Near Mint","German","","","2023-10-01 10:02:06.313000","5","False","False","0.03"
"1","1","Blessed Hippogriff // Tyr's Blessing","clb","Near Mint","German","","","2023-10-01 10:02:06.313000","11","False","False","0.15"
"1","1","Blessed Hippogriff // Tyr's Blessing","clb","Near Mint","English","","","2023-11-06 11:06:48.017000","11","False","False",""
"2","2","Blight Keeper","xln","Near Mint","German","","","2023-10-01 10:02:06.313000","92","False","False","0.04"
"1","1","Blight Pile","dmu","Near Mint","German","","","2023-10-01 10:02:06.313000","82","False","False","0.09"
"1","1","Blight Pile","dmu","Near Mint","German","","","2023-10-01 10:02:06.313000","82","False","False","0.09"
"1","1","Blighted Woodland","znc","Near Mint","German","","","2024-01-19 16:20:17.330000","121","False","False","0.13"
"1","1","Blinding Fog","xln","Near Mint","German","","","2023-10-01 10:02:06.313000","177","False","False","0.10"
"4","4","Blood","tinr","Near Mint","English","","","2025-06-24 11:31:26.863000","21","False","False","0.29"
"1","1","Blood","tinr","Near Mint","English","","","2025-06-24 11:34:41.090000","21","False","False","0.29"
"1","1","Blood Age General","stx","Near Mint","German","","","2023-10-01 10:02:06.313000","93","False","False","0.02"
"1","1","Blood Artist","voc","Near Mint","German","","","2023-10-01 10:02:06.313000","119","False","False","3.00"
"1","1","Blood Artist","lcc","Near Mint","English","","","2023-12-24 22:40:47.713000","182","False","False",""
"1","1","Blood Artist","inr","Near Mint","English","","","2025-06-26 08:03:34.780000","97","False","False","0.99"
"1","1","Blood Artist","inr","Near Mint","English","foil","","2025-06-26 08:03:34.780000","326","False","False","2.61"
"1","1","Blood Burglar","m20","Near Mint","German","","","2023-10-01 10:02:06.313000","88","False","False","0.21"
"1","1","Blood Crypt","rna","Near Mint","German","","","2023-10-01 10:02:06.313000","245","False","False","14.41"
"1","1","Blood Fountain","vow","Near Mint","German","","","2023-11-06 21:10:03.110000","95","False","False","0.15"
"2","2","Blood Glutton","m21","Near Mint","German","","","2023-10-01 10:02:06.313000","90","False","False","0.01"
"1","1","Blood Hustler","otj","Near Mint","English","","","2024-05-27 07:16:35.113000","80","False","False","0.09"
"1","1","Blood Hustler","otj","Near Mint","English","","","2024-05-03 10:14:58.777000","80","False","False","0.18"
"1","1","Blood Hustler","otj","Near Mint","English","","","2024-05-23 11:41:04.933000","80","False","False","0.10"
"1","1","Blood Mist","inr","Near Mint","English","","","2025-06-26 08:03:34.780000","143","False","False","0.11"
"1","1","Blood Money","lcc","Near Mint","English","","","2023-12-24 22:14:40.263000","183","False","False",""
"1","1","Blood Pact","mid","Near Mint","German","","","2023-10-01 10:02:06.313000","88","False","False","0.02"
"2","2","Blood Petal Celebrant","inr","Near Mint","English","","","2025-06-26 08:03:34.780000","144","False","False","0.04"
"3","3","Blood Petal Celebrant","vow","Near Mint","German","","","2023-10-01 10:02:06.313000","303","False","False","0.04"
"1","1","Blood Servitor","vow","Near Mint","German","","","2023-10-01 10:02:06.313000","252","False","False","0.24"
"3","3","Bloodchief's Thirst","znr","Near Mint","German","","","2023-10-01 10:02:06.313000","94","False","False","0.49"
"3","3","Bloodcrazed Socialite","vow","Near Mint","German","","","2023-10-01 10:02:06.313000","288","False","False","0.05"
"1","1","Bloodfell Caves","dft","Near Mint","English","","","2025-05-12 09:13:48.623000","251","False","False","0.06"
"3","3","Bloodfell Caves","tdm","Near Mint","English","","","2025-08-17 20:00:42.050000","250","False","False","0.08"
"1","1","Bloodfell Caves","fdn","Near Mint","English","","","2025-01-15 10:31:17.943000","259","False","False","0.03"
"1","1","Bloodfire Mentor","ktk","Near Mint","English","","","2024-01-22 09:23:23.377000","102","False","False","0.07"
"1","1","Bloodfire Mentor","ktk","Near Mint","English","","","2023-10-01 10:02:06.313000","102","False","False","0.02"
"1","1","Bloodghast","dft","Near Mint","English","","","2025-05-12 09:15:55.100000","337","False","False","1.15"
"1","1","Bloodghast","lcc","Near Mint","English","","","2023-12-24 22:40:47.713000","184","False","False",""
"1","1","Bloodhall Priest","inr","Near Mint","English","","","2025-06-26 08:03:34.780000","232","False","False","0.07"
"1","1","Bloodletter of Aclazotz","lci","Near Mint","English","","","2024-05-28 15:14:16.953000","336","False","False","10.93"
"1","1","Bloodline Keeper // Lord of Lineage","inr","Near Mint","English","","","2025-06-26 08:01:54.723000","98","False","False","7.97"
"1","1","Bloodline Keeper // Lord of Lineage","inr","Near Mint","English","","","2025-06-26 08:01:54.723000","461","False","False","6.23"
"1","1","Bloodline Necromancer","lcc","Near Mint","English","","","2023-12-24 22:40:47.713000","185","False","False",""
"1","1","Bloodline Necromancer","voc","Near Mint","German","","","2023-10-01 10:02:06.313000","120","False","False","0.16"
"1","1","Bloodlord of Vaasgoth","voc","Near Mint","German","","","2023-10-01 10:02:06.313000","121","False","False","0.15"
"3","3","Bloodmad Vampire","inr","Near Mint","English","","","2025-06-26 08:03:34.780000","145","False","False","0.10"
"1","1","Bloodsoaked Altar","m20","Near Mint","German","","","2023-10-01 10:02:06.313000","90","False","False","0.05"
"2","2","Bloodsoaked Insight // Sanguine Morass","mh3","Near Mint","English","","","2024-07-05 08:01:04.880000","252","False","False","0.16"
"1","1","Bloodstained Mire","ktk","Near Mint","English","","","2023-10-01 11:20:47.173000","230","False","True","28.04"
"1","1","Bloodsworn Squire // Bloodsworn Knight","vow","Near Mint","German","","","2023-10-01 10:02:06.313000","97","False","False","0.02"
"1","1","Bloodsworn Steward","voc","Near Mint","German","","","2023-10-01 10:02:06.313000","144","False","False","0.20"
"1","1","Bloodtithe Collector","mid","Near Mint","German","","","2023-10-01 10:02:06.313000","90","False","False","0.02"
"1","1","Bloodtithe Harvester","vow","Near Mint","German","","","2023-10-01 10:02:06.313000","232","False","False","0.06"
"1","1","Bloodtithe Harvester","inr","Near Mint","English","","","2025-06-26 08:03:34.780000","233","False","False","0.14"
"1","1","Bloodtracker","lcc","Near Mint","English","","","2023-12-24 22:40:47.713000","186","False","False",""
"1","1","Bloodtracker","voc","Near Mint","German","","","2023-10-01 10:02:06.313000","122","False","False","0.10"
"1","1","Bloodwater Entity","2x2","Near Mint","English","","","2023-10-29 12:48:52.190000","185","False","False",""
"1","1","Bloom Hulk","war","Near Mint","English","","","2023-10-30 08:40:12.477000","154","False","False",""
"1","1","Blooming Blast","blb","Near Mint","English","","","2025-05-12 07:22:57.933000","126","False","False","0.16"
"1","1","Blossoming Calm","mh2","Near Mint","German","","","2023-10-01 10:02:06.313000","7","False","False","0.08"
"1","1","Blossoming Sands","fdn","Near Mint","English","","","2025-01-15 10:31:17.943000","260","False","False","0.04"
"1","1","Blossoming Sands","iko","Near Mint","German","","","2024-01-19 16:20:17.330000","244","False","False","0.08"
"2","2","Blossoming Sands","ktk","Near Mint","English","","","2024-07-18 09:48:10.063000","231","False","False","0.22"
"2","2","Blossoming Sands","neo","Near Mint","German","","","2024-01-19 16:20:17.330000","265","False","False","0.11"
"1","1","Blossoming Sands","dft","Near Mint","English","foil","","2025-05-12 09:13:48.623000","252","False","False","0.09"
"1","1","Blossoming Sands","mom","Near Mint","German","","","2024-01-19 16:20:17.330000","268","False","False","0.10"
"1","1","Blossoming Sands","tdm","Near Mint","English","","","2025-08-17 20:00:42.050000","251","False","False","0.08"
"1","1","Blossoming Tortoise","woe","Near Mint","English","","","2024-05-28 15:18:13.640000","163","False","False","5.96"
"1","1","Blur","clb","Near Mint","German","","","2023-10-01 10:02:06.313000","58","False","False","0.10"
"1","1","Blur of Blades","hou","Near Mint","German","","","2023-10-01 10:02:06.313000","84","False","False","0.02"
"1","1","Boar","tvow","Near Mint","German","","","2024-07-18 12:58:07.553000","12","False","False","0.11"
"2","2","Boarded Window","inr","Near Mint","English","","","2025-06-26 08:03:34.780000","255","False","False","0.03"
"2","2","Boarded Window","vow","Near Mint","German","","","2023-10-01 10:02:06.313000","253","False","False","0.10"
"1","1","Boarding Party","cmr","Near Mint","German","","","2023-10-01 10:02:06.313000","163","False","False","0.19"
"1","1","Body Dropper","snc","Near Mint","English","","","2023-10-29 13:24:09.803000","168","False","False",""
"1","1","Bog Badger","dmu","Near Mint","German","","","2023-10-01 10:02:06.313000","156","False","False","0.03"
"1","1","Bogardan Dragonheart","mh1","Near Mint","English","","","2023-10-30 08:41:40.213000","120","False","False",""
"1","1","Boilerbilges Ripper","dsk","Near Mint","English","","","2025-05-12 07:21:23.767000","127","False","False","0.08"
"1","1","Bojuka Bog","tdc","Near Mint","English","","","2025-08-17 19:43:26.460000","341","False","False",""
"1","1","Bojuka Bog","lcc","Near Mint","English","","","2023-12-24 22:40:47.713000","320","False","False",""
"1","1","Bojuka Bog","dmc","Near Mint","German","","","2023-10-01 10:02:06.313000","199","False","False","0.71"
"1","1","Bolrac-Clan Basher","mkm","Near Mint","English","","","2024-03-06 16:55:17.200000","112","False","False","0.06"
"1","1","Bolrac-Clan Crusher","rna","Near Mint","German","","","2023-10-01 10:02:06.313000","159","False","False","0.02"
"1","1","Bomat Bazaar Barge","kld","Near Mint","German","","","2023-10-01 10:02:06.313000","198","False","False","0.15"
"1","1","Bonded Horncrest","xln","Near Mint","German","","","2023-10-01 10:02:06.313000","133","False","False","0.02"
"1","1","Bonder's Ornament","c20","Near Mint","English","","","2023-11-08 20:10:39.823000","67","False","False",""
"1","1","Bone Devourer","tdc","Near Mint","English","","","2025-08-17 19:43:26.460000","26","False","False",""
"1","1","Bone Picker","2xm","Near Mint","English","","","2023-11-08 20:11:00.510000","78","False","False",""
"2","2","Bone Shards","mh2","Near Mint","German","","","2023-10-01 10:02:06.313000","76","False","False","0.06"
"3","3","Bone to Ash","m20","Near Mint","German","","","2023-10-01 10:02:06.313000","48","False","False","0.10"
"1","1","Bone-Cairn Butcher","tdm","Near Mint","English","","","2025-08-17 19:48:25.763000","173","False","False",""
"1","1","Bone-Cairn Butcher","tdm","Near Mint","English","","","2025-08-17 20:01:00.603000","173","False","False","0.16"
"4","4","Bonecrusher Giant // Stomp","eld","Near Mint","German","","","2023-10-01 10:02:06.313000","115","False","False","0.65"
"1","1","Bonehoard","znc","Near Mint","German","","","2023-10-01 10:02:06.313000","108","False","False","0.12"
"1","1","Bonesplitter","mrd","Near Mint","English","","","2023-11-08 19:59:14.117000","146","False","False",""
"1","1","Boneyard Desecrator","otj","Near Mint","English","","","2024-05-23 11:41:04.933000","81","False","False","0.05"
"2","2","Boneyard Desecrator","otj","Near Mint","German","","","2024-05-23 11:40:20.207000","81","False","False","0.03"
"1","1","Boneyard Parley","xln","Near Mint","German","","","2024-05-28 15:09:09.543000","94","False","False","0.33"
"1","1","Bonny Pall, Clearcutter","otj","Near Mint","English","","","2025-05-04 18:52:29.230000","349","False","False","1.42"
"1","1","Bontu's Monument","dmc","Near Mint","German","","","2023-10-01 10:02:06.313000","179","False","False","1.66"
"1","1","Boom Box","otj","Near Mint","German","","","2024-05-23 11:40:20.207000","241","False","False","0.09"
"1","1","Boom Box","otj","Near Mint","English","","","2024-07-15 20:47:13.160000","241","False","False","0.11"
"1","1","Boom Scholar","dft","Near Mint","English","","","2025-05-12 09:15:55.100000","189","False","False","0.07"
"1","1","Boosted Sloop","dft","Near Mint","English","","","2025-05-13 11:02:58.617000","190","False","False","0.10"
"1","1","Bootleggers' Stash","snc","Near Mint","English","","","2023-10-01 11:20:53.020000","134","False","True","4.62"
"1","1","Borderland Marauder","w16","Near Mint","German","","","2023-10-01 10:02:06.313000","11","False","False","0.25"
"1","1","Borderland Marauder","m15","Near Mint","English","","","2023-10-30 08:32:02.857000","131","False","False",""
"1","1","Boreas Charger","voc","Near Mint","German","","","2023-10-01 10:02:06.313000","79","False","False","0.32"
"1","1","Born to Drive","neo","Near Mint","German","","","2023-10-01 10:02:06.313000","6","False","False","0.05"
"1","1","Born to Drive","neo","Near Mint","German","","","2023-10-01 10:02:06.313000","6","False","False","0.16"
"1","1","Boromir, Warden of the Tower","ltr","Near Mint","English","","","2023-10-01 10:02:06.313000","4","False","False","3.27"
"1","1","Boros Garrison","dmc","Near Mint","German","","","2023-10-01 10:02:06.313000","200","False","False","0.12"
"1","1","Boros Garrison","c20","Near Mint","English","","","2023-10-29 13:14:32.920000","260","False","False",""
"1","1","Boros Garrison","znc","Near Mint","German","","","2024-01-19 16:20:17.330000","122","False","False","0.11"
"1","1","Boros Guildgate","znc","Near Mint","German","","","2024-01-19 16:20:17.330000","123","False","False","0.12"
"1","1","Borrowed Grace","emn","Near Mint","English","","","2023-11-06 11:47:23.187000","14","False","False",""
"1","1","Borrowed Hostility","inr","Near Mint","English","","","2025-06-26 08:03:34.780000","396","False","False","0.08"
"3","3","Borrowed Hostility","inr","Near Mint","English","","","2025-06-26 08:03:34.780000","146","False","False","0.15"
"1","1","Borrowed Hostility","inr","Near Mint","English","foil","","2025-06-26 08:03:34.780000","146","False","False","0.03"
"2","2","Borrowed Time","mid","Near Mint","German","","","2023-10-01 10:02:06.313000","6","False","False","0.11"
"1","1","Bortuk Bonerattle","dmu","Near Mint","German","","","2023-10-01 10:02:06.313000","197","False","False","0.09"
"1","1","Bortuk Bonerattle","dmu","Near Mint","German","","","2023-10-01 10:02:06.313000","296","False","False","0.04"
"1","1","Bortuk Bonerattle","dmu","Near Mint","German","","","2023-10-01 10:02:06.313000","197","False","False","0.01"
"1","1","Bortuk Bonerattle","dmu","Near Mint","German","","","2023-10-01 10:02:06.313000","296","False","False","0.03"
"2","2","Boseiju Reaches Skyward // Branch of Boseiju","neo","Near Mint","German","","","2023-10-01 10:02:06.313000","177","False","False","0.01"
"2","2","Boseiju Reaches Skyward // Branch of Boseiju","neo","Near Mint","German","","","2023-10-01 10:02:06.313000","177","False","False","0.06"
"1","1","Boseiju, Who Endures","neo","Near Mint","German","","","2025-05-13 14:43:30.597000","266","False","False","28.19"
"1","1","Botanical Plaza","snc","Near Mint","German","","","2024-01-19 16:20:17.330000","247","False","False","0.16"
"1","1","Botanical Plaza","snc","Near Mint","English","","","2023-10-29 13:24:40.400000","247","False","False",""
"1","1","Botanical Sanctum","otj","Near Mint","English","","","2024-07-18 11:28:29.480000","267","False","False","1.87"
"1","1","Botanical Sanctum","otj","Near Mint","English","","","2024-07-15 21:49:29.603000","301","False","False","2.94"
"2","2","Bottle Golems","mh2","Near Mint","German","","","2023-10-01 10:02:06.313000","222","False","False","0.35"
"1","1","Boulderborn Dragon","tdm","Near Mint","English","","","2025-08-17 20:01:09.930000","239","False","False","0.06"
"1","1","Bounce Off","dft","Near Mint","English","","","2025-05-12 09:15:55.100000","39","False","False","0.06"
"1","1","Bounce Off","dft","Near Mint","English","foil","","2025-05-13 11:02:58.617000","39","False","False","0.16"
"1","1","Bound by Moonsilver","inr","Near Mint","English","","","2025-08-17 19:58:22.487000","335","False","False","0.18"
"1","1","Bound by Moonsilver","inr","Near Mint","English","","","2025-08-17 19:58:10.573000","13","False","False","0.06"
"1","1","Bound by Moonsilver","inr","Near Mint","English","","","2025-06-26 08:03:34.780000","13","False","False","0.16"
"1","1","Bound in Gold","khm","Near Mint","English","","","2023-11-06 12:02:21.210000","5","False","False",""
"1","1","Boundary Lands Ranger","woe","Near Mint","English","","","2023-10-01 10:02:06.313000","123","False","False","0.02"
"1","1","Bounding Felidar","otj","Near Mint","English","foil","","2025-01-15 10:34:31.127000","5","False","False","0.06"
"1","1","Bounding Felidar","otj","Near Mint","English","","","2024-05-27 07:16:35.113000","5","False","False","0.08"
"1","1","Bounding Wolf","mid","Near Mint","German","foil","","2023-10-01 10:02:06.313000","170","False","False","0.20"
"2","2","Bountiful Landscape","mh3","Near Mint","English","","","2024-07-05 08:01:04.880000","217","False","False","0.11"
"1","1","Bounty of Skemfar","khc","Near Mint","German","","","2023-10-01 10:02:06.313000","12","False","False","0.10"
"1","1","Brackish Blunder","lci","Near Mint","English","","","2024-01-13 22:15:22.680000","46","False","False","0.05"
"1","1","Brago, King Eternal","khc","Near Mint","German","","","2023-10-01 10:02:06.313000","82","False","False","0.40"
"1","1","Braids, Arisen Nightmare","dmu","Near Mint","German","foil","","2023-10-01 10:02:06.313000","288","False","False","3.64"
"1","1","Braids, Arisen Nightmare","dmu","Near Mint","German","","","2023-10-01 10:02:06.313000","84","False","False","1.92"
"1","1","Braids, Cabal Minion","mh2","Near Mint","German","","","2023-10-01 10:02:06.313000","273","False","False","0.20"
"1","1","Braids's Frightful Return","dmu","Near Mint","German","foil","","2023-10-01 10:02:06.313000","85","False","False","0.13"
"1","1","Brainstealer Dragon","clb","Near Mint","English","","","2024-03-06 16:55:04.310000","670","False","False","4.48"
"1","1","Brainstone","mh2","Near Mint","German","","","2023-10-01 10:02:06.313000","426","False","False","0.14"
"2","2","Brainsurge","mh3","Near Mint","English","","","2024-07-05 08:01:04.880000","53","False","False","0.32"
"2","2","Bramble Armor","mid","Near Mint","German","","","2023-10-01 10:02:06.313000","171","False","False","0.17"
"1","1","Bramble Armor","vow","Near Mint","German","","","2023-10-01 10:02:06.313000","188","False","False","0.04"
"2","2","Bramble Wurm","inr","Near Mint","English","","","2025-06-26 08:03:34.780000","187","False","False","0.09"
"1","1","Bramble Wurm","vow","Near Mint","German","foil","","2023-10-01 10:02:06.313000","189","False","False","0.11"
"1","1","Bramble Wurm","vow","Near Mint","German","","","2023-10-01 10:02:06.313000","189","False","False","0.03"
"1","1","Branch of Vitu-Ghazi","mkm","Near Mint","English","","","2024-07-17 19:43:08.097000","258","False","False","0.12"
"1","1","Branching Bolt","ala","Near Mint","English","","","2023-11-08 19:44:09.900000","158","False","False",""
"1","1","Branching Evolution","lcc","Near Mint","English","","","2023-12-24 22:38:06.913000","234","False","False",""
"1","1","Brass's Bounty","fdn","Near Mint","English","","","2025-01-15 10:33:53.740000","190","False","False","0.22"
"1","1","Brave the Wilds","woe","Near Mint","English","","","2023-10-01 10:05:48.427000","165","False","False","0.08"
"1","1","Brave-Kin Duo","blb","Near Mint","English","","","2025-05-12 07:23:08.587000","3","False","False","0.05"
"1","1","Brazen Blademaster","lci","Near Mint","English","","","2024-01-13 22:15:22.680000","136","False","False","0.08"
"1","1","Brazen Borrower // Petty Theft","eld","Near Mint","English","","","2026-05-15 13:51:43.373000","39","False","False","1.50"
"1","1","Brazen Freebooter","cmr","Near Mint","German","","","2023-10-01 10:02:06.313000","164","False","False","0.01"
"2","2","Brazen Scourge","kld","Near Mint","German","","","2023-10-01 10:02:06.313000","107","False","False","0.20"
"2","2","Brazen Scourge","fdn","Near Mint","English","","","2025-01-15 10:34:31.127000","191","False","False","0.03"
"1","1","Brazen Wolves","emn","Near Mint","German","","","2023-10-01 10:02:06.313000","122","False","False","0.06"
"1","1","Break Asunder","dmr","Near Mint","German","","","2023-10-01 10:02:06.313000","152","False","False","0.02"
"1","1","Break the Ice","mh2","Near Mint","German","","","2023-10-01 10:02:06.313000","77","False","False","0.12"
"2","2","Break the Spell","woe","Near Mint","English","","","2023-10-01 10:02:06.313000","5","False","False","0.02"
"1","1","Break Ties","mh2","Near Mint","German","","","2023-10-01 10:02:06.313000","8","False","False","0.20"
"1","1","Breaker of Creation","mh3","Near Mint","English","","","2024-07-05 08:01:04.880000","1","False","False","0.02"
"1","1","Breath of the Sleepless","voc","Near Mint","German","","","2023-10-01 10:02:06.313000","11","False","False","0.19"
"1","1","Breathe Your Last","mh3","Near Mint","English","","","2024-07-05 08:01:04.880000","82","False","False","0.12"
"1","1","Breathe Your Last","mh3","Near Mint","German","","","2024-07-15 19:12:21.797000","82","False","False","0.17"
"1","1","Breathless Knight","mh2","Near Mint","German","","","2023-10-01 10:02:06.313000","187","False","False","0.02"
"1","1","Breeches, Brazen Plunderer","cmr","Near Mint","German","","","2023-10-01 10:02:06.313000","165","False","False","0.09"
"1","1","Breeches, Brazen Plunderer","lcc","Near Mint","English","","","2023-12-24 22:14:40.263000","217","False","False",""
"1","1","Breeches, Eager Pillager","lci","Near Mint","English","","","2024-01-13 22:15:22.680000","294","False","False","0.34"
"1","1","Breya's Apprentice","mh2","Near Mint","German","foil","","2024-05-28 15:17:23.160000","117","False","False","0.18"
"1","1","Bride's Gown","vow","Near Mint","German","","","2023-10-01 10:02:06.313000","4","False","False","0.10"
"1","1","Bridgeworks Battle // Tanglespan Bridgeworks","mh3","Near Mint","German","","","2024-07-15 19:12:21.797000","249","False","False","0.33"
"3","3","Bridled Bighorn","otj","Near Mint","English","","","2024-07-15 19:31:43.510000","7","False","False",""
"1","1","Bridled Bighorn","otj","Near Mint","English","","","2024-07-15 20:47:13.160000","7","False","False","0.04"
"1","1","Bridled Bighorn","otj","Near Mint","German","","","2024-05-23 11:40:20.207000","7","False","False","0.04"
"1","1","Bridled Bighorn","otj","Near Mint","English","foil","","2024-05-03 10:14:58.777000","7","False","False","0.14"
"2","2","Brightfield Glider","dft","Near Mint","English","","","2025-05-12 09:15:55.100000","4","False","False","0.03"
"1","1","Brightfield Mustang","dft","Near Mint","English","","","2025-05-13 11:02:58.617000","5","False","False","0.08"
"1","1","Brimstone Roundup","otj","Near Mint","English","","","2024-05-23 11:41:04.933000","115","False","False","0.08"
"1","1","Brimstone Vandal","mid","Near Mint","German","","","2023-10-01 10:02:06.313000","130","False","False","0.02"
"1","1","Brineborn Cutthroat","fdn","Near Mint","English","","","2025-01-15 10:33:53.740000","152","False","False","0.15"
"1","1","Bring to Trial","rna","Near Mint","German","","","2023-10-01 10:02:06.313000","5","False","False","0.02"
"1","1","Bringer of the Last Gift","lci","Near Mint","English","","","2024-01-13 22:15:22.680000","94","False","False","0.20"
"1","1","Bristlepack Sentry","otj","Near Mint","English","","","2024-05-23 11:41:04.933000","156","False","False","0.05"
"2","2","Bristlepack Sentry","otj","Near Mint","German","","","2024-05-23 11:40:20.207000","156","False","False","0.06"
"1","1","Bristlepack Sentry","otj","Near Mint","English","foil","","2025-01-15 10:34:31.127000","156","False","False","0.03"
"1","1","Bristlepack Sentry","otj","Near Mint","English","foil","","2024-05-27 07:16:35.113000","156","False","False","0.04"
"3","3","Bristling Boar","iko","Near Mint","German","","","2023-10-01 10:02:06.313000","146","False","False","0.02"
"1","1","Broadcast Rambler","dft","Near Mint","English","","","2025-05-12 09:15:55.100000","6","False","False","0.02"
"1","1","Broadside Barrage","dft","Near Mint","English","","","2025-05-12 09:15:43.790000","192","False","False","0.19"
"1","1","Broadside Bombardiers","lcc","Near Mint","English","","","2023-12-24 22:14:40.263000","86","False","False",""
"1","1","Broken Bond","dom","Near Mint","German","","","2023-10-01 10:02:06.313000","157","False","False","0.16"
"1","1","Broken Wings","snc","Near Mint","German","","","2023-10-01 10:02:06.313000","136","False","False","0.02"
"1","1","Broken Wings","dft","Near Mint","English","","","2025-05-12 09:15:55.100000","156","False","False","0.03"
"2","2","Broken Wings","fdn","Near Mint","English","","","2025-01-15 10:34:31.127000","214","False","False","0.03"
"1","1","Broken Wings","dmu","Near Mint","German","","","2023-10-01 10:02:06.313000","157","False","False","0.01"
"1","1","Broken Wings","dft","Near Mint","English","foil","","2025-05-12 09:15:55.100000","156","False","False","0.05"
"1","1","Brokers Veteran","snc","Near Mint","German","","","2023-10-01 10:02:06.313000","36","False","False","0.01"
"1","1","Bronze Cudgels","neo","Near Mint","German","","","2023-10-01 10:02:06.313000","240","False","False","0.02"
"1","1","Bronze Cudgels","neo","Near Mint","German","","","2023-10-01 10:02:06.313000","240","False","False","0.07"
"1","1","Bronze Walrus","clb","Near Mint","German","","","2023-10-01 10:02:06.313000","302","False","False","0.02"
"1","1","Bronzebeak Foragers","lcc","Near Mint","English","","","2023-12-24 22:35:19.740000","69","False","False",""
"1","1","Bronzeplate Boar","neo","Near Mint","German","","","2023-10-01 10:02:06.313000","135","False","False","0.07"
"1","1","Bronzeplate Boar","neo","Near Mint","German","","","2023-10-01 10:02:06.313000","135","False","False","0.10"
"2","2","Broodheart Engine","dft","Near Mint","English","","","2025-05-12 09:15:43.790000","193","False","False","0.23"
"2","2","Brute Suit","neo","Near Mint","German","","","2023-10-01 10:02:06.313000","241","False","False","0.18"
"1","1","Bubble Smuggler","mkm","Near Mint","English","","","2024-03-06 16:55:17.200000","41","False","False","0.02"
"1","1","Bubble Snare","znr","Near Mint","English","","","2023-11-06 12:00:13.667000","47","False","False",""
"1","1","Bucolic Ranch","otj","Near Mint","English","","","2024-07-18 11:47:23.000000","265","False","False","0.10"
"5","5","Built to Last","kld","Near Mint","German","","","2023-10-01 10:02:06.313000","7","False","False","0.05"
"1","1","Bulk Up","fdn","Near Mint","English","","","2025-01-15 10:33:53.740000","80","False","False","0.19"
"1","1","Burden of Proof","mkm","Near Mint","English","foil","","2024-03-06 16:55:17.200000","42","False","False","0.11"
"2","2","Burdened Aerialist","mh2","Near Mint","German","","","2023-10-01 10:02:06.313000","38","False","False","0.22"
"2","2","Burglar Rat","fdn","Near Mint","English","","","2025-01-15 10:34:31.127000","170","False","False","0.07"
"2","2","Burglar Rat","fdn","Near Mint","English","foil","","2025-01-15 10:33:53.740000","170","False","False","0.18"
"1","1","Buried in the Garden","otp","Near Mint","English","","","2024-05-27 07:16:35.113000","38","False","False","0.05"
"1","1","Buried in the Garden","mkm","Near Mint","English","","","2024-03-06 16:55:04.310000","191","False","False","0.12"
"1","1","Burly Breaker // Dire-Strain Demolisher","mid","Near Mint","German","","","2023-10-01 10:02:06.313000","299","False","False","0.03"
