"Count","Tradelist Count","Name","Edition","Condition","Language","Foil","Tags","Last Modified","Collector Number","Alter","Proxy","Purchase Price"
"1","1","Abandon the Post","mid","Near Mint","German","","","2023-10-01 10:02:06.313000","127","False","False","0.25"
"1","1","Abiding Grace","mh2","Near Mint","German","","","2023-10-01 10:02:06.313000","1","False","False","0.04"
"1","1","Abomination of Llanowar","khc","Near Mint","German","","","2023-10-01 10:02:06.313000","81","False","False","0.02"
"1","1","Abrade","vow","Near Mint","German","","","2023-10-01 10:02:06.313000","139","False","False","0.09"
"1","1","Abundance","znc","Near Mint","German","","","2023-10-01 10:02:06.313000","58","False","False","1.12"
"1","1","Abundant Growth","dmc","Near Mint","German","","","2023-10-01 10:02:06.313000","128","False","False","1.38"
"1","1","Abyssal Gorestalker","lci","Near Mint","English","","","2024-01-13 22:15:22.680000","87","False","False","0.10"
"1","1","Abzan Charm","dmc","Near Mint","German","","","2023-10-01 10:02:06.313000","138","False","False","0.11"
"1","1","Abzan Falconer","znc","Near Mint","German","","","2023-10-01 10:02:06.313000","9","False","False","0.02"
"1","1","Academy Loremaster","dmu","Near Mint","German","","","2023-10-01 10:02:06.313000","40","False","False","0.27"
"1","1","Academy Loremaster","pdmu","Near Mint","German","foil","","2023-10-01 10:02:06.313000","40s","False","False","0.45"
"1","1","Academy Wall","dmu","Near Mint","German","","","2023-10-01 10:02:06.313000","41","False","False","0.08"
"1","1","Accomplished Automaton","kld","Near Mint","German","","","2023-10-01 10:02:06.313000","191","False","False","0.02"
"1","1","Accursed Horde","hou","Near Mint","German","","","2023-10-01 10:02:06.313000","56","False","False","0.05"
"1","1","Acidic Slime","znc","Near Mint","German","","","2023-10-01 10:02:06.313000","59","False","False","0.13"
"2","2","Acolyte of Aclazotz","lci","Near Mint","English","","","2024-01-13 22:15:22.680000","89","False","False","0.07"
"1","1","Acrobatic Leap","lci","Near Mint","English","","","2024-01-13 22:15:22.680000","2","False","False","0.15"
"1","1","Acrobatic Maneuver","kld","Near Mint","German","","","2023-10-01 10:02:06.313000","1","False","False","0.12"
"1","1","Act of Heroism","hou","Near Mint","German","","","2023-10-01 10:02:06.313000","1","False","False","0.02"
"1","1","Act of Treason","rna","Near Mint","German","","","2023-10-01 10:02:06.313000","91","False","False","0.05"
"1","1","Adanto Vanguard","xln","Near Mint","German","","","2023-10-01 10:02:06.313000","1","False","False","0.29"
"1","1","Adeline, Resplendent Cathar","mid","Near Mint","German","","","2023-10-01 10:02:06.313000","1","False","False","0.29"
"1","1","Admiral Beckett Brass","xln","Near Mint","German","","","2023-10-01 10:02:06.313000","217","False","False","1.46"
"1","1","Admiral Beckett Brass","lcc","Near Mint","English","","","2023-12-24 22:14:40.263000","264","False","False",""
"1","1","Admiral Brass, Unsinkable","lcc","Near Mint","English","foil","","2023-12-24 22:14:40.263000","1","False","False",""
"1","1","Admiral Brass, Unsinkable","lcc","Near Mint","English","","","2024-01-13 22:15:22.680000","1","False","False","0.21"
"1","1","Admonition Angel","znc","Near Mint","German","","","2023-10-01 10:02:06.313000","10","False","False","0.67"
"1","1","Adriana, Captain of the Guard","dmc","Near Mint","German","","","2023-10-01 10:02:06.313000","139","False","False","0.13"
"1","1","Aegis Angel","w16","Near Mint","German","","","2023-10-01 10:02:06.313000","1","False","False","0.05"
"1","1","Aegis Automaton","aer","Near Mint","German","","","2023-10-01 10:02:06.313000","141","False","False","0.01"
"1","1","Aegis Turtle","iko","Near Mint","German","","","2023-10-01 10:02:06.313000","39","False","False","0.02"
"1","1","Aerial Boost","mom","Near Mint","English","","","2023-10-01 10:02:06.313000","2","False","False","0.02"
"2","2","Aerial Modification","aer","Near Mint","German","","","2023-10-01 10:02:06.313000","1","False","False","0.12"
"5","5","Aerial Responder","kld","Near Mint","German","","","2023-10-01 10:02:06.313000","2","False","False","0.19"
"2","2","Aeromoeba","mh2","Near Mint","German","","","2023-10-01 10:02:06.313000","37","False","False","0.10"
"1","1","Aeromoeba","mh2","Near Mint","German","","","2023-10-01 10:02:06.313000","389","False","False","0.40"
"1","1","Aeromunculus","rna","Near Mint","German","","","2023-10-01 10:02:06.313000","152","False","False","0.10"
"2","2","Aeronaut Admiral","aer","Near Mint","German","","","2023-10-01 10:02:06.313000","2","False","False","0.13"
"1","1","Aeronaut Cavalry","bro","Near Mint","German","","","2023-10-01 10:02:06.313000","1","False","False","0.09"
"1","1","Aesi, Tyrant of Gyre Strait","cmr","Near Mint","German","foil","","2023-10-01 10:02:06.313000","365","False","False","13.25"
"4","4","Aether Chaser","aer","Near Mint","German","","","2023-10-01 10:02:06.313000","76","False","False","0.56"
"3","3","Aether Herder","aer","Near Mint","German","","","2023-10-01 10:02:06.313000","102","False","False","0.05"
"1","1","Aether Meltdown","kld","Near Mint","German","","","2023-10-01 10:02:06.313000","36","False","False","0.02"
"3","3","Aether Poisoner","aer","Near Mint","German","","","2023-10-01 10:02:06.313000","51","False","False","0.08"
"2","2","Aether Swooper","aer","Near Mint","German","","","2023-10-01 10:02:06.313000","26","False","False","0.12"
"2","2","Aether Theorist","kld","Near Mint","German","","","2023-10-01 10:02:06.313000","37","False","False","0.09"
"1","1","Aether Tradewinds","kld","Near Mint","German","","","2023-10-01 10:02:06.313000","38","False","False","0.05"
"1","1","Aetherblade Agent // Gitaxian Mindstinger","mom","Near Mint","English","","","2023-10-01 10:02:06.313000","88","False","False","0.04"
"1","1","Aetherborn Marauder","kld","Near Mint","German","","","2023-10-01 10:02:06.313000","71","False","False","0.15"
"1","1","Aetherflux Reservoir","kld","Near Mint","German","","","2023-10-01 10:02:06.313000","192","False","False","5.72"
"1","1","Aetherize","znc","Near Mint","German","","","2023-10-01 10:02:06.313000","23","False","False","0.30"
"1","1","Aetherize","lcc","Near Mint","English","","","2023-12-24 22:38:06.913000","142","False","False",""
"1","1","Aethersphere Harvester","aer","Near Mint","German","","","2023-10-01 10:02:06.313000","142","False","False","0.29"
"1","1","Aetherstream Leopard","aer","Near Mint","German","","","2023-10-01 10:02:06.313000","103","False","False","0.02"
"1","1","Aethertorch Renegade","kld","Near Mint","German","","","2023-10-01 10:02:06.313000","106","False","False","0.17"
"1","1","Agatha's Champion","woe","Near Mint","German","","","2023-10-25 10:26:22.653000","160","False","False","0.07"
"2","2","Ageless Guardian","stx","Near Mint","German","","","2023-10-01 10:02:06.313000","8","False","False","0.06"
"1","1","Aggressive Sabotage","dmu","Near Mint","German","","","2023-10-01 10:02:06.313000","78","False","False","0.01"
"1","1","Aggressive Sabotage","dmu","Near Mint","German","","","2023-10-01 10:02:06.313000","78","False","False","0.01"
"1","1","Aggressive Sabotage","dmu","Near Mint","German","","","2023-10-01 10:02:06.313000","78","False","False","0.07"
"2","2","Agonizing Remorse","thb","Near Mint","German","","","2023-10-01 10:02:06.313000","83","False","False","0.03"
"1","1","Agonizing Syphon","m20","Near Mint","German","","","2023-10-01 10:02:06.313000","83","False","False","0.02"
"2","2","Aid from the Cowl","aer","Near Mint","German","","","2023-10-01 10:02:06.313000","105","False","False","0.08"
"1","1","Aim for the Head","vow","Near Mint","German","","","2023-10-01 10:02:06.313000","92","False","False","0.02"
"1","1","Ainok Bond-Kin","ktk","Near Mint","English","","","2023-10-01 10:02:06.313000","3","False","False","0.04"
"2","2","Air Elemental","m19","Near Mint","German","","","2023-10-01 10:02:06.313000","308","False","False","0.40"
"1","1","Air Servant","w16","Near Mint","German","","","2023-10-01 10:02:06.313000","4","False","False","0.02"
"1","1","Airdrop Aeronauts","aer","Near Mint","German","","","2023-10-01 10:02:06.313000","5","False","False","0.10"
"1","1","Airlift Chaplain","bro","Near Mint","German","","","2023-10-01 10:02:06.313000","2","False","False","0.10"
"1","1","Ajani, the Greathearted","pwar","Near Mint","German","foil","","2023-10-01 10:02:06.313000","184s","False","False",""
"1","1","Ajani, Valiant Protector","aer","Near Mint","German","foil","","2023-10-01 10:02:06.313000","185","False","False","2.64"
"2","2","Ajani's Aid","aer","Near Mint","German","","","2023-10-01 10:02:06.313000","188","False","False","0.10"
"4","4","Ajani's Comrade","aer","Near Mint","German","","","2023-10-01 10:02:06.313000","187","False","False","0.02"
"1","1","Akal Pakal, First Among Equals","lci","Near Mint","English","","","2024-01-13 22:15:22.680000","292","False","False","0.19"
"1","1","Akawalli, the Seething Tower","lci","Near Mint","English","","","2024-01-13 22:15:22.680000","298","False","False","0.11"
"1","1","Akki Ronin","neo","Near Mint","English","","","2023-10-01 10:02:06.313000","131","False","False","0.07"
"1","1","Akki War Paint","neo","Near Mint","English","","","2023-10-01 10:02:06.313000","132","False","False","0.02"
"2","2","Akki War Paint","neo","Near Mint","German","foil","","2023-10-01 10:02:06.313000","132","False","False","0.07"
"1","1","Akki War Paint","neo","Near Mint","German","foil","","2023-10-01 10:02:06.313000","132","False","False","0.15"
"4","4","Akoum Hellhound","znr","Near Mint","German","","","2023-10-01 10:02:06.313000","133","False","False","0.04"
"1","1","Akroma's Will","lcc","Near Mint","English","","","2023-12-24 22:35:19.740000","125","False","False",""
"1","1","Alchemist's Gambit","vow","Near Mint","German","foil","","2023-10-01 10:02:06.313000","140","False","False","0.73"
"1","1","Alchemist's Greeting","emn","Near Mint","German","","","2023-10-01 10:02:06.313000","116","False","False","0.01"
"1","1","Alchemist's Refuge","lcc","Near Mint","English","","","2023-12-24 22:38:06.913000","318","False","False",""
"1","1","Alchemist's Retrieval","vow","Near Mint","German","","","2023-10-01 10:02:06.313000","47","False","False","0.06"
"1","1","Alchemist's Retrieval","vow","Near Mint","German","foil","","2023-10-01 10:02:06.313000","47","False","False","0.17"
"1","1","Alesha, Who Smiles at Death","dmc","Near Mint","German","","","2023-10-01 10:02:06.313000","118","False","False","0.11"
"2","2","Alley Evasion","aer","Near Mint","German","","","2023-10-01 10:02:06.313000","6","False","False","0.02"
"3","3","Alley Strangler","aer","Near Mint","German","","","2023-10-01 10:02:06.313000","52","False","False","0.01"
"1","1","Alloy Animist","bro","Near Mint","German","","","2023-10-01 10:02:06.313000","166","False","False","0.02"
"3","3","Almighty Brushwagg","iko","Near Mint","German","","","2023-10-01 10:02:06.313000","143","False","False","0.10"
"1","1","Altar of the Goyf","mh2","Near Mint","German","foil","","2023-10-01 10:02:06.313000","220","False","False","0.02"
"1","1","Altar of the Wretched // Wretched Bonemass","lcc","Near Mint","English","","","2024-01-13 22:15:22.680000","10","False","False","0.73"
"1","1","Amalia Benavides Aguirre","lci","Near Mint","English","","","2024-01-13 22:15:22.680000","221","False","False","1.13"
"1","1","Ambition's Cost","khc","Near Mint","German","","","2023-10-01 10:02:06.313000","47","False","False","0.02"
"1","1","Ambition's Cost","dmc","Near Mint","German","","","2023-10-01 10:02:06.313000","110","False","False","0.10"
"2","2","Ambitious Aetherborn","kld","Near Mint","German","","","2023-10-01 10:02:06.313000","72","False","False","0.03"
"1","1","Ambitious Assault","neo","Near Mint","German","","","2023-10-01 10:02:06.313000","133","False","False","0.06"
"1","1","Ambitious Assault","neo","Near Mint","German","","","2023-10-01 10:02:06.313000","133","False","False","0.02"
"1","1","Ambitious Farmhand // Seasoned Cathar","mid","Near Mint","English","","","2023-10-01 10:02:06.313000","2","False","False","0.14"
"1","1","Ambitious Farmhand // Seasoned Cathar","mid","Near Mint","English","","","2023-10-01 10:02:06.313000","2","False","False","0.14"
"1","1","Ambitious Farmhand // Seasoned Cathar","mid","Good (Lightly Played)","English","","","2023-10-01 10:02:06.313000","2","False","False","0.14"
"1","1","Ambitious Farmhand // Seasoned Cathar","mid","Good (Lightly Played)","English","","","2023-10-01 10:02:06.313000","2","False","False","0.14"
"1","1","Ambitious Farmhand // Seasoned Cathar","mid","Played","English","","","2023-10-01 10:02:06.313000","2","False","False","0.14"
"1","1","Ambitious Farmhand // Seasoned Cathar","mid","Mint","German","foil","","2023-10-01 10:02:06.313000","2","False","False","0.20"
"1","1","Ambuscade","hou","Near Mint","German","","","2023-10-01 10:02:06.313000","110","False","False","0.09"
"1","1","Amphin Mutineer","lcc","Near Mint","English","","","2023-12-24 22:14:40.263000","143","False","False",""
"1","1","An Offer You Can't Refuse","snc","Near Mint","German","","","2023-10-01 10:02:06.313000","51","False","False","1.00"
"1","1","Anafenza, Kin-Tree Spirit","dmc","Near Mint","German","","","2023-10-01 10:02:06.313000","97","False","False","0.19"
"4","4","Anax, Hardened in the Forge","thb","Near Mint","German","","","2023-10-01 10:02:06.313000","125","False","False","0.13"
"1","1","Ancestors' Aid","lci","Near Mint","English","","","2024-01-13 22:15:22.680000","132","False","False","0.09"
"1","1","Ancestors' Aid","lci","Near Mint","English","foil","","2024-01-13 22:15:22.680000","132","False","False","0.16"
"1","1","Ancestral Anger","vow","Near Mint","German","","","2023-10-01 10:02:06.313000","142","False","False","0.08"
"1","1","Ancestral Blade","cmr","Near Mint","German","","","2023-10-01 10:02:06.313000","5","False","False","0.05"
"1","1","Ancestral Katana","neo","Near Mint","English","","","2023-10-01 10:02:06.313000","1","False","False","0.07"
"2","2","Ancestral Reminiscence","lci","Near Mint","English","","","2024-01-13 22:15:22.680000","45","False","False","0.13"
"3","3","Anchor to Reality","neo","Near Mint","German","","","2023-10-01 10:02:06.313000","45","False","False","0.07"
"1","1","Anchor to Reality","neo","Near Mint","German","","","2023-10-01 10:02:06.313000","45","False","False","0.14"
"1","1","Anchor to Reality","neo","Near Mint","German","foil","","2023-10-01 10:02:06.313000","45","False","False","0.34"
"1","1","Ancient Animus","cmr","Near Mint","German","","","2023-10-01 10:02:06.313000","215","False","False","0.02"
"2","2","Ancient Brontodon","xln","Near Mint","German","","","2023-10-01 10:02:06.313000","175","False","False","0.03"
"1","1","Ancient Craving","voc","Near Mint","German","","","2023-10-01 10:02:06.313000","117","False","False","0.04"
"1","1","Ancient Lumberknot","vow","Near Mint","German","","","2023-10-01 10:02:06.313000","230","False","False","0.06"
"1","1","Angel","tlci","Near Mint","English","","","2024-01-13 22:15:22.680000","2","False","False",""
"1","1","Angel of Finality","khc","Near Mint","German","","","2023-10-01 10:02:06.313000","17","False","False","0.07"
"1","1","Angel of Flight Alabaster","voc","Near Mint","German","","","2023-10-01 10:02:06.313000","77","False","False","0.28"
"1","1","Angel of Serenity","khc","Near Mint","German","","","2023-10-01 10:02:06.313000","18","False","False","0.15"
"1","1","Angelic Quartermaster","vow","Near Mint","German","","","2023-10-01 10:02:06.313000","2","False","False","0.22"
"1","1","Angrath's Marauders","lcc","Near Mint","English","","","2023-12-24 22:14:40.263000","215","False","False",""
"1","1","Anje's Ravager","voc","Near Mint","German","","","2023-10-01 10:02:06.313000","141","False","False","0.40"
"1","1","Anointed Deacon","xln","Near Mint","German","","","2023-10-01 10:02:06.313000","89","False","False","0.02"
"2","2","Another Chance","lci","Near Mint","English","","","2024-01-13 22:15:22.680000","90","False","False","0.09"
"1","1","Anowon, the Ruin Sage","voc","Near Mint","German","","","2023-10-01 10:02:06.313000","118","False","False","0.30"
"1","1","Anowon, the Ruin Thief","znc","Near Mint","German","foil","","2023-10-01 10:02:06.313000","1","False","False","0.75"
"1","1","Anticipate","iko","Near Mint","German","","","2023-10-01 10:02:06.313000","40","False","False","0.11"
"1","1","Apex Altisaur","lcc","Near Mint","English","","","2023-12-24 22:35:19.740000","232","False","False",""
"1","1","Appetite for the Unnatural","kld","Near Mint","German","","","2023-10-01 10:02:06.313000","141","False","False","0.05"
"1","1","Apprentice Sharpshooter","vow","Near Mint","German","","","2023-10-01 10:02:06.313000","185","False","False","0.02"
"1","1","Aquamoeba","dmr","Near Mint","German","","","2023-10-01 10:02:06.313000","38","False","False","0.05"
"1","1","Aquatic Alchemist // Bubble Up","woe","Near Mint","English","","","2023-10-01 10:02:06.313000","40","False","False","0.01"
"1","1","Aquatic Alchemist // Bubble Up","woe","Near Mint","English","foil","","2023-10-01 10:02:06.313000","40","False","False","0.09"
"2","2","Aqueous Form","cmr","Near Mint","German","","","2023-10-01 10:02:06.313000","56","False","False","0.08"
"1","1","Arachnoform","khm","Near Mint","German","","","2023-10-01 10:02:06.313000","159","False","False","0.03"
"2","2","Arborback Stomper","kld","Near Mint","German","","","2023-10-01 10:02:06.313000","142","False","False","0.01"
"1","1","Arcane Artisan","khc","Near Mint","German","","","2023-10-01 10:02:06.313000","36","False","False","0.30"
"1","1","Arcane Denial","voc","Near Mint","German","","","2023-10-01 10:02:06.313000","102","False","False","0.86"
"1","1","Arcane Sanctum","dmc","Near Mint","German","","","2023-10-01 10:02:06.313000","196","False","False","0.18"
"1","1","Arcane Signet","cmr","Near Mint","German","","","2023-10-01 10:02:06.313000","297","False","False","0.99"
"1","1","Arcane Signet","voc","Near Mint","German","","","2023-10-01 10:02:06.313000","159","False","False","0.70"
"1","1","Arcane Signet","voc","Near Mint","German","","","2023-10-01 10:02:06.313000","159","False","False","0.96"
"1","1","Arcane Signet","khc","Near Mint","German","","","2023-10-01 10:02:06.313000","96","False","False","0.72"
"1","1","Arcane Signet","khc","Near Mint","German","","","2023-10-01 10:02:06.313000","96","False","False","0.72"
"1","1","Arcane Signet","znc","Near Mint","German","","","2023-10-01 10:02:06.313000","106","False","False","1.00"
"1","1","Arcane Signet","znc","Near Mint","German","","","2023-10-01 10:02:06.313000","106","False","False","1.00"
"4","4","Arcane Signet","lcc","Near Mint","English","","","2023-12-24 22:14:40.263000","299","False","False",""
"1","1","Arcane Signet","dmc","Near Mint","German","","","2023-10-01 10:02:06.313000","177","False","False","0.91"
"1","1","Arcane Signet","dmc","Near Mint","German","","","2023-10-01 10:02:06.313000","177","False","False","0.82"
"1","1","Arcbound Mouser","mh2","Near Mint","German","","","2023-10-01 10:02:06.313000","3","False","False","0.11"
"2","2","Arcbound Prototype","mh2","Near Mint","German","","","2023-10-01 10:02:06.313000","4","False","False","0.19"
"1","1","Arcbound Slasher","mh2","Near Mint","German","","","2023-10-01 10:02:06.313000","111","False","False","0.19"
"1","1","Arcbound Tracker","mh2","Near Mint","German","","","2023-10-01 10:02:06.313000","112","False","False","0.10"
"1","1","Arcbound Tracker","mh2","Near Mint","German","foil","","2023-10-01 10:02:06.313000","112","False","False","0.11"
"1","1","Arcbound Whelp","mh2","Near Mint","German","","","2023-10-01 10:02:06.313000","113","False","False","0.02"
"1","1","Arch of Orazca","lcc","Near Mint","English","","","2023-12-24 22:35:19.740000","319","False","False",""
"1","1","Archelos, Lagoon Mystic","dmc","Near Mint","German","","","2023-10-01 10:02:06.313000","140","False","False","0.15"
"1","1","Archive Dragon","woe","Near Mint","English","","","2023-10-01 10:05:48.427000","41","False","False","0.04"
"1","1","Archmage Emeritus","pstx","Near Mint","German","","","2023-10-01 10:02:06.313000","37p","False","False","3.45"
"3","3","Archon of Sun's Grace","thb","Near Mint","German","","","2023-10-01 10:02:06.313000","3","False","False","0.50"
"1","1","Arctic Treeline","khm","Near Mint","German","","","2023-10-01 10:02:06.313000","249","False","False","0.22"
"1","1","Ardent Elementalist","mid","Near Mint","German","","","2023-10-01 10:02:06.313000","128","False","False","0.11"
"1","1","Argivian Cavalier","dmu","Near Mint","German","","","2023-10-01 10:02:06.313000","4","False","False","0.03"
"1","1","Argivian Cavalier","dmu","Near Mint","German","","","2023-10-01 10:02:06.313000","4","False","False","0.05"
"1","1","Argothian Sprite","bro","Near Mint","German","","","2023-10-01 10:02:06.313000","168","False","False","0.02"
"1","1","Arlinn, the Pack's Hope // Arlinn, the Moon's Fury","mid","Near Mint","German","","","2023-10-01 10:02:06.313000","279","False","False","10.00"
"1","1","Arm the Cathars","dbl","Near Mint","German","","","2023-10-01 10:02:06.313000","270","False","False",""
"1","1","Armguard Familiar","neo","Near Mint","German","","","2023-10-01 10:02:06.313000","46","False","False","0.06"
"1","1","Armguard Familiar","neo","Near Mint","German","","","2023-10-01 10:02:06.313000","46","False","False","0.03"
"1","1","Armillary Sphere","cmr","Near Mint","German","","","2023-10-01 10:02:06.313000","298","False","False","0.05"
"1","1","Arm-Mounted Anchor","lcc","Near Mint","English","","","2023-12-24 22:14:40.263000","99","False","False",""
"2","2","Armorcraft Judge","kld","Near Mint","English","","","2023-10-01 10:02:06.313000","144","False","False","0.02"
"1","1","Armorcraft Judge","znc","Near Mint","German","","","2023-10-01 10:02:06.313000","60","False","False","0.10"
"2","2","Armored Kincaller","lci","Near Mint","English","","","2024-01-13 22:15:22.680000","174","False","False","0.08"
"1","1","Armory Mice","woe","Near Mint","German","","","2023-10-25 10:26:22.653000","3","False","False","0.08"
"1","1","Arni Brokenbrow","khm","Near Mint","German","","","2023-10-01 10:02:06.313000","120","False","False","0.05"
"1","1","Aron, Benalia's Ruin","dmu","Near Mint","German","","","2023-10-01 10:02:06.313000","292","False","False","0.06"
"1","1","Aron, Benalia's Ruin","dmu","Near Mint","German","","","2023-10-01 10:02:06.313000","292","False","False","0.04"
"1","1","Aron, Benalia's Ruin","dmu","Near Mint","German","","","2023-10-01 10:02:06.313000","193","False","False","0.10"
"1","1","Aron, Benalia's Ruin","dmu","Near Mint","German","","","2023-10-01 10:02:06.313000","193","False","False","0.08"
"1","1","Arrester's Admonition","rna","Near Mint","German","","","2023-10-01 10:02:06.313000","31","False","False","0.02"
"3","3","Arrester's Zeal","rna","Near Mint","German","","","2023-10-01 10:02:06.313000","4","False","False","0.02"
"2","2","Arrogant Poet","stx","Near Mint","German","","","2023-10-01 10:02:06.313000","63","False","False","0.04"
"1","1","Arterial Alchemy","voc","Near Mint","German","","","2023-10-01 10:02:06.313000","23","False","False","0.10"
"1","1","Artillery Blast","dmu","Near Mint","German","","","2023-10-01 10:02:06.313000","6","False","False","0.08"
"1","1","Artillery Blast","dmu","Near Mint","German","","","2023-10-01 10:02:06.313000","6","False","False","0.01"
"1","1","Arvad the Cursed","dmc","Near Mint","German","","","2023-10-01 10:02:06.313000","141","False","False","0.18"
"1","1","Ascendant Packleader","vow","Near Mint","German","","","2023-10-01 10:02:06.313000","186","False","False","1.08"
"1","1","Ash, Party Crasher","woe","Near Mint","English","","","2023-10-01 10:02:06.313000","201","False","False","0.02"
"1","1","Ashaya, Soul of the Wild","znr","Near Mint","German","","","2023-10-01 10:02:06.313000","179","False","False","5.89"
"1","1","Ashiok's Reaper","woe","Near Mint","English","","","2023-10-01 10:02:06.313000","79","False","False","0.08"
"1","1","Ashiok's Reaper","woe","Near Mint","German","","","2023-10-25 10:26:22.653000","79","False","False","0.16"
"1","1","Ashling the Pilgrim","dmc","Near Mint","German","","","2023-10-01 10:02:06.313000","119","False","False","0.15"
"1","1","Ashnod, Flesh Mechanist","bro","Near Mint","German","","","2023-10-01 12:08:18.137000","84","False","False",""
"1","1","Ashnod's Intervention","bro","Near Mint","German","","","2023-10-01 10:02:06.313000","85","False","False","0.16"
"1","1","Asmodeus the Archfiend","afr","Near Mint","German","","","2023-10-01 10:02:06.313000","88","False","False","0.30"
"2","2","Assassin's Ink","neo","Near Mint","German","","","2023-10-01 10:02:06.313000","87","False","False","0.02"
"1","1","Assassin's Ink","neo","Near Mint","German","","","2023-10-01 10:02:06.313000","87","False","False","0.16"
"1","1","Atla Palani, Nest Tender","dmc","Near Mint","German","","","2023-10-01 10:02:06.313000","142","False","False","0.19"
"1","1","Attended Socialite","snc","Near Mint","German","","","2023-10-01 10:02:06.313000","133","False","False","0.02"
"1","1","Attentive Sunscribe","lci","Near Mint","English","","","2024-01-13 22:15:22.680000","4","False","False","0.08"
"2","2","Atzocan Archer","xln","Near Mint","German","","","2023-10-01 10:02:06.313000","176","False","False","0.10"
"1","1","Atzocan Seer","lcc","Near Mint","English","","","2023-12-24 22:35:19.740000","265","False","False",""
"3","3","Audacious Infiltrator","aer","Near Mint","German","","","2023-10-01 10:02:06.313000","7","False","False","0.05"
"1","1","Audacity","bro","Near Mint","German","","","2023-10-01 10:02:06.313000","169","False","False","0.12"
"3","3","Augmenting Automaton","aer","Near Mint","German","","","2023-10-01 10:02:06.313000","143","False","False","0.05"
"1","1","Austere Command","lcc","Near Mint","English","","","2023-12-24 22:40:47.713000","126","False","False",""
"2","2","Automated Artificer","neo","Near Mint","German","","","2023-10-01 10:02:06.313000","239","False","False","0.09"
"1","1","Automated Artificer","neo","Near Mint","German","","","2023-10-01 10:02:06.313000","239","False","False","0.03"
"1","1","Automated Artificer","neo","Near Mint","German","","","2023-10-01 10:02:06.313000","239","False","False","0.04"
"1","1","Automatic Librarian","dmu","Near Mint","German","","","2023-10-01 10:02:06.313000","229","False","False","0.01"
"1","1","Avacynian Missionaries // Lunarch Inquisitors","soi","Near Mint","German","","","2023-10-01 10:02:06.313000","6","False","False","0.04"
"1","1","Avacyn's Judgment","voc","Near Mint","German","","","2023-10-01 10:02:06.313000","142","False","False","0.05"
"2","2","Avarax","dmr","Near Mint","German","","","2023-10-01 10:02:06.313000","112","False","False","0.02"
"2","2","Aven Fateshaper","dmr","Near Mint","German","","","2023-10-01 10:02:06.313000","40","False","False","0.05"
"1","1","Aven Fisher","dmr","Near Mint","German","","","2023-10-01 10:02:06.313000","41","False","False","0.02"
"1","1","Aven Fisher","dmr","Near Mint","English","","","2023-11-16 17:55:29.123000","41","False","False",""
"1","1","Aven Gagglemaster","m21","Near Mint","English","","","2023-10-01 10:02:06.313000","5","False","False","0.02"
"1","1","Aven Gagglemaster","m21","Near Mint","English","","","2023-10-01 10:02:06.313000","5","False","False","0.02"
"1","1","Aven Heartstabber","snc","Near Mint","German","","","2023-10-01 10:02:06.313000","166","False","False","0.04"
"1","1","Aven of Enduring Hope","hou","Near Mint","German","","","2023-10-01 10:02:06.313000","5","False","False","0.02"
"1","1","Avenger of Zendikar","cmr","Near Mint","German","","","2023-10-01 10:02:06.313000","422","False","False","5.98"
"3","3","Aviary Mechanic","kld","Near Mint","German","","","2023-10-01 10:02:06.313000","6","False","False","0.33"
"2","2","Axebane Beast","rna","Near Mint","German","","","2023-10-01 10:02:06.313000","121","False","False","0.02"
"1","1","Axgard Cavalry","khm","Near Mint","German","","","2023-10-01 10:02:06.313000","121","False","False","0.08"
"4","4","Axgard Cavalry","khm","Near Mint","German","","","2023-10-01 10:02:06.313000","121","False","False","0.19"
"1","1","Azorius Chancery","khc","Near Mint","German","","","2023-10-01 10:02:06.313000","106","False","False","0.04"
"1","1","Azorius Chancery","voc","Near Mint","German","","","2023-10-01 10:02:06.313000","171","False","False","0.08"
"1","1","Azorius Guildgate","khc","Near Mint","German","","","2023-10-01 10:02:06.313000","107","False","False","0.02"
"5","5","Azorius Guildgate","rna","Near Mint","German","","","2023-10-01 10:02:06.313000","244","False","False","0.02"
"1","1","Azorius Knight-Arbiter","rna","Near Mint","German","","","2023-10-01 10:02:06.313000","154","False","False","0.02"
"1","1","Azorius Locket","voc","Near Mint","German","","","2023-10-01 10:02:06.313000","160","False","False","0.02"
"1","1","Azorius Signet","voc","Near Mint","German","","","2023-10-01 10:02:06.313000","161","False","False","0.35"
"1","1","Azorius Signet","khc","Near Mint","German","","","2023-10-01 10:02:06.313000","97","False","False","0.25"
"1","1","Azure Fleet Admiral","lcc","Near Mint","English","","","2023-12-24 22:14:40.263000","144","False","False",""
"1","1","Azusa, Lost but Seeking","m21","Near Mint","German","","","2023-10-01 10:02:06.313000","173","False","False","5.44"
"1","1","Azusa's Many Journeys // Likeness of the Seeker","neo","Near Mint","German","","","2023-10-01 10:02:06.313000","172","False","False","0.18"
"1","1","Back for Seconds","woe","Near Mint","German","","","2023-10-25 10:26:22.653000","80","False","False","0.20"
"1","1","Backstreet Bruiser","snc","Near Mint","German","","","2023-10-01 10:02:06.313000","35","False","False","0.02"
"1","1","Backup Agent","snc","Near Mint","German","","","2023-10-01 10:02:06.313000","2","False","False","0.02"
"1","1","Bad River","dmc","Near Mint","German","","","2023-10-01 10:02:06.313000","197","False","False","0.65"
"1","1","Bag End Porter","ltr","Near Mint","English","","","2023-10-01 10:02:06.313000","153","False","False","0.02"
"1","1","Baird, Argivian Recruiter","dmu","Near Mint","German","","","2023-10-01 10:02:06.313000","294","False","False","0.06"
"1","1","Baleful Strix","dmc","Near Mint","German","","","2023-10-01 10:02:06.313000","143","False","False","1.82"
"1","1","Ballista Watcher // Ballista Wielder","vow","Near Mint","German","","","2023-10-01 10:02:06.313000","143","False","False","0.02"
"1","1","Ballroom Brawlers","snc","Near Mint","German","","","2023-10-01 10:02:06.313000","3","False","False","0.12"
"1","1","Balmor, Battlemage Captain","dmu","Near Mint","German","","","2023-10-01 10:02:06.313000","196","False","False","0.09"
"2","2","Bamboo Grove Archer","neo","Near Mint","German","","","2023-10-01 10:02:06.313000","173","False","False","0.25"
"1","1","Bamboo Grove Archer","neo","Near Mint","German","","","2023-10-01 10:02:06.313000","173","False","False","0.08"
"1","1","Baneblade Scoundrel // Baneclaw Marauder","mid","Near Mint","German","","","2023-10-01 10:02:06.313000","289","False","False","0.02"
"2","2","Bane's Invoker","clb","Near Mint","German","","","2023-10-01 10:02:06.313000","7","False","False","0.15"
"1","1","Banishing Light","khc","Near Mint","German","","","2023-10-01 10:02:06.313000","19","False","False","0.04"
"1","1","Banishing Light","znc","Near Mint","German","","","2023-10-01 10:02:06.313000","11","False","False","0.07"
"4","4","Banishing Light","thb","Near Mint","German","","","2023-10-01 10:02:06.313000","4","False","False","0.05"
"2","2","Banishing Slash","neo","Near Mint","German","","","2023-10-01 10:02:06.313000","3","False","False","0.05"
"1","1","Banishing Slash","neo","Near Mint","German","","","2023-10-01 10:02:06.313000","3","False","False","0.17"
"1","1","Bannerhide Krushok","mh2","Near Mint","German","","","2023-10-01 10:02:06.313000","149","False","False","0.04"
"1","1","Barkweave Crusher","dmu","Near Mint","German","","","2023-10-01 10:02:06.313000","154","False","False","0.05"
"1","1","Barkweave Crusher","dmu","Near Mint","German","","","2023-10-01 10:02:06.313000","154","False","False","0.02"
"1","1","Barony Vampire","m20","Near Mint","German","","","2023-10-01 10:02:06.313000","85","False","False","0.01"
"1","1","Barricade Breaker","aer","Near Mint","German","","","2023-10-01 10:02:06.313000","144","False","False","0.03"
"1","1","Barricade Breaker","aer","Near Mint","German","","","2023-10-01 10:02:06.313000","144","False","False","0.02"
"1","1","Barrow Naughty","woe","Near Mint","German","","","2023-10-25 10:26:22.653000","81","False","False","0.11"
"1","1","Bartolomé del Presidio","lci","Near Mint","English","","","2023-12-24 22:40:47.713000","224","False","False",""
"1","1","Bartolomé del Presidio","lci","Near Mint","English","","","2024-01-13 22:15:22.680000","224","False","False","0.13"
"1","1","Basalt Ravager","khm","Near Mint","German","","","2023-10-01 10:02:06.313000","122","False","False","0.04"
"1","1","Basilica Bell-Haunt","rna","Near Mint","German","","","2023-10-01 10:02:06.313000","156","False","False","0.14"
"1","1","Basking Capybara","lci","Near Mint","English","","","2024-01-13 22:15:22.680000","175","False","False","0.07"
"1","1","Bastion Enforcer","aer","Near Mint","German","","","2023-10-01 10:02:06.313000","8","False","False","0.05"
"1","1","Bastion Inventor","aer","Near Mint","German","","","2023-10-01 10:02:06.313000","30","False","False","0.05"
"2","2","Bastion Inventor","aer","Near Mint","German","","","2023-10-01 10:02:06.313000","30","False","False","0.04"
"2","2","Bastion Mastodon","kld","Near Mint","German","","","2023-10-01 10:02:06.313000","197","False","False","0.03"
"1","1","Bastion of Remembrance","iko","Near Mint","German","","","2023-10-01 10:02:06.313000","73","False","False","2.08"
"3","3","Battle Plan","mh2","Near Mint","German","","","2023-10-01 10:02:06.313000","114","False","False","0.02"
"1","1","Battlefield Butcher","bro","Near Mint","German","","","2023-10-01 10:02:06.313000","86","False","False","0.12"
"1","1","Battlefield Forge","dmc","Near Mint","German","","","2023-10-01 10:02:06.313000","198","False","False","0.55"
"1","1","Battlefield Promotion","war","Near Mint","German","","","2023-10-01 10:02:06.313000","5","False","False","0.02"
"1","1","Battlefield Raptor","khm","Near Mint","German","","","2023-10-01 10:02:06.313000","3","False","False","0.05"
"1","1","Battlefly Swarm","dmu","Near Mint","German","","","2023-10-01 10:02:06.313000","81","False","False","0.06"
"2","2","Battle-Rage Blessing","dmu","Near Mint","German","","","2023-10-01 10:02:06.313000","80","False","False","0.04"
"1","1","Battle-Rage Blessing","dmu","Near Mint","German","","","2023-10-01 10:02:06.313000","80","False","False","0.04"
"1","1","Battlewing Mystic","dmu","Near Mint","German","","","2023-10-01 10:02:06.313000","43","False","False","0.08"
"1","1","Battlewing Mystic","dmu","Near Mint","German","","","2023-10-01 10:02:06.313000","43","False","False","0.06"
"1","1","Beaming Defiance","stx","Near Mint","German","","","2023-10-01 10:02:06.313000","9","False","False","0.02"
"1","1","Beamtown Beatstick","mom","Near Mint","English","","","2023-10-01 10:02:06.313000","131","False","False","0.07"
"1","1","Beanstalk Giant // Fertile Footsteps","znc","Near Mint","German","","","2023-10-01 10:02:06.313000","61","False","False","0.15"
"2","2","Beanstalk Wurm // Plant Beans","woe","Near Mint","German","","","2023-10-25 10:26:22.653000","161","False","False","0.10"
"1","1","Bearer of Memory","neo","Near Mint","German","","","2023-10-01 10:02:06.313000","174","False","False","0.02"
"1","1","Bearer of Memory","neo","Near Mint","German","","","2023-10-01 10:02:06.313000","174","False","False","0.03"
"1","1","Bearer of Memory","neo","Near Mint","German","foil","","2023-10-01 10:02:06.313000","174","False","False","0.15"
"1","1","Beast Whisperer","khc","Near Mint","German","","","2023-10-01 10:02:06.313000","54","False","False","0.99"
"1","1","Beast Within","c19","Near Mint","German","","","2023-10-01 10:02:06.313000","157","False","False","0.98"
"1","1","Beast Within","dmc","Near Mint","German","","","2023-10-01 10:02:06.313000","129","False","False","0.84"
"1","1","Beast Within","lcc","Near Mint","English","","","2023-12-24 22:38:06.913000","233","False","False",""
"1","1","Beckoning Will-o'-Wisp","clb","Near Mint","German","","","2023-10-01 10:02:06.313000","10","False","False","0.10"
"1","1","Beckoning Will-o'-Wisp","clb","Near Mint","German","foil","","2023-10-01 10:02:06.313000","10","False","False","0.14"
"1","1","Bedevil","dmc","Near Mint","German","","","2023-10-01 10:02:06.313000","144","False","False","0.47"
"4","4","Befriending the Moths // Imperial Moth","neo","Near Mint","German","","","2023-10-01 10:02:06.313000","4","False","False","0.05"
"1","1","Befriending the Moths // Imperial Moth","neo","Near Mint","German","","","2023-10-01 10:02:06.313000","4","False","False","0.05"
"1","1","Befriending the Moths // Imperial Moth","neo","Near Mint","German","","","2023-10-01 10:02:06.313000","4","False","False","0.05"
"1","1","Behold the Multiverse","khm","Near Mint","German","","","2023-10-01 10:02:06.313000","46","False","False","0.12"
"2","2","Behold the Multiverse","khm","Near Mint","German","","","2023-10-01 10:02:06.313000","46","False","False","0.12"
"1","1","Bell Borca, Spectral Sergeant","dmc","Near Mint","German","","","2023-10-01 10:02:06.313000","145","False","False","0.10"
"1","1","Belligerent Brontodon","xln","Near Mint","German","","","2023-10-01 10:02:06.313000","218","False","False","0.02"
"3","3","Belligerent Guest","vow","Near Mint","German","","","2023-10-01 10:02:06.313000","144","False","False","0.02"
"1","1","Belligerent Guest","vow","Near Mint","German","foil","","2023-10-01 10:02:06.313000","144","False","False","0.11"
"1","1","Belligerent of the Ball","woe","Near Mint","German","","","2023-10-25 10:26:22.653000","120","False","False","0.08"
"1","1","Belligerent Yearling","lci","Near Mint","English","","","2024-01-13 22:15:22.680000","320","False","False","0.12"
"1","1","Bellowing Aegisaur","lcc","Near Mint","English","","","2023-12-24 22:35:19.740000","127","False","False",""
"1","1","Bellowing Aegisaur","xln","Near Mint","German","","","2023-10-01 10:02:06.313000","4","False","False","0.08"
"3","3","Bellowing Bruiser // Beat a Path","woe","Near Mint","English","","","2023-10-01 10:02:06.313000","121","False","False","0.01"
"1","1","Bellowing Saddlebrute","ktk","Near Mint","German","","","2023-10-01 10:02:06.313000","64","False","False","0.02"
"1","1","Beloved Beggar // Generous Soul","mid","Near Mint","German","","","2023-10-01 10:02:06.313000","3","False","False","0.01"
"1","1","Beluna's Gatekeeper // Entry Denied","woe","Near Mint","English","","","2023-10-01 10:02:06.313000","43","False","False","0.02"
"1","1","Benalish Faithbonder","dmu","Near Mint","German","","","2023-10-01 10:02:06.313000","7","False","False","0.01"
"1","1","Benalish Faithbonder","dmu","Near Mint","German","","","2023-10-01 10:02:06.313000","7","False","False","0.03"
"1","1","Benalish Faithbonder","dmu","Near Mint","German","","","2023-10-01 10:02:06.313000","7","False","False","0.01"
"1","1","Benalish Sleeper","dmu","Near Mint","German","","","2023-10-01 10:02:06.313000","8","False","False","0.04"
"1","1","Benalish Sleeper","dmu","Near Mint","German","","","2023-10-01 10:02:06.313000","8","False","False","0.12"
"1","1","Benalish Sleeper","dmu","Near Mint","German","","","2023-10-01 10:02:06.313000","8","False","False","0.05"
"1","1","Beneath the Sands","hou","Near Mint","German","","","2023-10-01 10:02:06.313000","111","False","False","0.02"
"1","1","Benevolent Blessing","cmr","Near Mint","German","","","2023-10-01 10:02:06.313000","13","False","False","0.07"
"1","1","Benevolent Offering","voc","Near Mint","German","","","2023-10-01 10:02:06.313000","78","False","False","0.22"
"1","1","Benthic Biomancer","lcc","Near Mint","English","","","2023-12-24 22:38:06.913000","145","False","False",""
"1","1","Bewitching Leechcraft","ltr","Near Mint","English","","","2023-10-01 10:02:06.313000","41","False","False","0.03"
"1","1","Bident of Thassa","lcc","Near Mint","English","","","2023-12-24 22:14:40.263000","146","False","False",""
"1","1","Big Score","snc","Near Mint","German","","","2023-10-01 10:02:06.313000","102","False","False","0.14"
"1","1","Bilbo, Retired Burglar","ltr","Near Mint","English","","","2023-10-01 10:02:06.313000","196","False","False","0.08"
"1","1","Binding the Old Gods","khm","Near Mint","German","","","2023-10-01 10:02:06.313000","206","False","False","0.42"
"1","1","Binding the Old Gods","khm","Near Mint","German","","","2023-10-01 10:02:06.313000","206","False","False","0.23"
"2","2","Biogenic Upgrade","rna","Near Mint","German","","","2023-10-01 10:02:06.313000","123","False","False","0.14"
"1","1","Biolume Egg // Biolume Serpent","dbl","Near Mint","German","","","2023-10-01 10:02:06.313000","316","False","False",""
"1","1","Bird","tdmu","Near Mint","German","","","2023-10-01 10:02:06.313000","2","False","False","0.07"
"1","1","Bird","tdmu","Near Mint","German","","","2023-10-01 10:02:06.313000","2","False","False","0.02"
"1","1","Bird","twoe","Near Mint","English","","","2023-10-01 10:05:48.427000","1","False","False","0.07"
"1","1","Bird Admirer // Wing Shredder","mid","Near Mint","German","","","2023-10-01 10:02:06.313000","298","False","False","0.02"
"1","1","Bird Admirer // Wing Shredder","mid","Near Mint","German","","","2023-10-01 10:02:06.313000","169","False","False","0.10"
"1","1","Bite Down","dmu","Near Mint","German","","","2023-10-01 10:02:06.313000","155","False","False","0.06"
"1","1","Bite Down","dmu","Near Mint","German","","","2023-10-01 10:02:06.313000","155","False","False","0.06"
"1","1","Biting-Palm Ninja","neo","Near Mint","German","","","2023-10-01 10:02:06.313000","88","False","False","0.54"
"1","1","Biting-Palm Ninja","pneo","Near Mint","German","foil","","2023-10-01 10:02:06.313000","88s","False","False","0.75"
"1","1","Bitter Chill","woe","Near Mint","German","","","2023-10-25 10:26:22.653000","44","False","False","0.07"
"1","1","Bitter Triumph","lci","Near Mint","English","","","2024-01-13 22:15:22.680000","91","False","False","0.84"
"1","1","Bitterbow Sharpshooters","hou","Near Mint","German","","","2023-10-01 10:02:06.313000","112","False","False","0.01"
"2","2","Black Dragon","afr","Near Mint","German","","","2023-10-01 10:02:06.313000","90","False","False","0.10"
"1","1","Black Market Connections","lcc","Near Mint","English","","","2023-12-24 22:14:40.263000","181","False","False",""
"1","1","Blackblade Reforged","dmc","Near Mint","German","","","2023-10-01 10:02:06.313000","178","False","False","0.24"
"1","1","Blackblade Reforged","znc","Near Mint","German","","","2023-10-01 10:02:06.313000","107","False","False","0.33"
"2","2","Blackbloom Rogue // Blackbloom Bog","znr","Near Mint","German","","","2023-10-01 10:02:06.313000","91","False","False","0.08"
"1","1","Blacksmith's Skill","mh2","Near Mint","German","","","2023-10-01 10:02:06.313000","6","False","False","0.12"
"1","1","Blacksmith's Skill","mh2","Near Mint","German","","","2023-10-01 10:02:06.313000","381","False","False","0.02"
"1","1","Blade of the Bloodchief","lcc","Near Mint","English","","","2023-12-24 22:40:47.713000","300","False","False",""
"1","1","Blade of the Oni","neo","Near Mint","German","","","2023-10-01 10:02:06.313000","377","False","False","4.21"
"1","1","Bladebrand","mid","Near Mint","German","","","2023-10-01 10:02:06.313000","87","False","False","0.02"
"1","1","Bladegriff Prototype","cmr","Near Mint","German","","","2023-10-01 10:02:06.313000","300","False","False","0.11"
"1","1","Bladestitched Skaab","mid","Near Mint","German","","","2023-10-01 10:02:06.313000","212","False","False","0.04"
"1","1","Bladewing, Deathless Tyrant","dmc","Near Mint","German","","","2023-10-01 10:02:06.313000","9","False","False","1.73"
"2","2","Blanchwood Armor","bro","Near Mint","German","","","2023-10-01 10:02:06.313000","171","False","False","0.14"
"1","1","Blanchwood Prowler","bro","Near Mint","German","","","2023-10-01 10:02:06.313000","172","False","False","0.08"
"1","1","Blasphemous Act","voc","Near Mint","German","","","2023-10-01 10:02:06.313000","143","False","False","1.00"
"1","1","Blasphemous Act","lcc","Near Mint","English","","","2023-12-24 22:14:40.263000","216","False","False",""
"1","1","Blazing Volley","iko","Near Mint","German","","","2023-10-01 10:02:06.313000","107","False","False","0.03"
"1","1","Blessed Defiance","mid","Near Mint","German","","","2023-10-01 10:02:06.313000","5","False","False","0.03"
"1","1","Blessed Hippogriff // Tyr's Blessing","clb","Near Mint","German","","","2023-10-01 10:02:06.313000","11","False","False","0.15"
"2","2","Blight Keeper","xln","Near Mint","German","","","2023-10-01 10:02:06.313000","92","False","False","0.04"
"1","1","Blight Pile","dmu","Near Mint","German","","","2023-10-01 10:02:06.313000","82","False","False","0.09"
"1","1","Blight Pile","dmu","Near Mint","German","","","2023-10-01 10:02:06.313000","82","False","False","0.09"
"1","1","Blighted Woodland","znc","Near Mint","German","","","2023-10-01 10:02:06.313000","121","False","False","0.25"
"1","1","Blinding Fog","xln","Near Mint","German","","","2023-10-01 10:02:06.313000","177","False","False","0.10"
"1","1","Blood Age General","stx","Near Mint","German","","","2023-10-01 10:02:06.313000","93","False","False","0.02"
"1","1","Blood Artist","voc","Near Mint","German","","","2023-10-01 10:02:06.313000","119","False","False","3.00"
"1","1","Blood Artist","lcc","Near Mint","English","","","2023-12-24 22:40:47.713000","182","False","False",""
"1","1","Blood Burglar","m20","Near Mint","German","","","2023-10-01 10:02:06.313000","88","False","False","0.21"
"1","1","Blood Crypt","rna","Near Mint","German","","","2023-10-01 10:02:06.313000","245","False","False","14.41"
"2","2","Blood Glutton","m21","Near Mint","German","","","2023-10-01 10:02:06.313000","90","False","False","0.01"
"1","1","Blood Money","lcc","Near Mint","English","","","2023-12-24 22:14:40.263000","183","False","False",""
"1","1","Blood Pact","mid","Near Mint","German","","","2023-10-01 10:02:06.313000","88","False","False","0.02"
"3","3","Blood Petal Celebrant","vow","Near Mint","German","","","2023-10-01 10:02:06.313000","303","False","False","0.04"
"1","1","Blood Servitor","vow","Near Mint","German","","","2023-10-01 10:02:06.313000","252","False","False","0.24"
"3","3","Bloodchief's Thirst","znr","Near Mint","German","","","2023-10-01 10:02:06.313000","94","False","False","0.49"
"3","3","Bloodcrazed Socialite","vow","Near Mint","German","","","2023-10-01 10:02:06.313000","288","False","False","0.05"
"1","1","Bloodfire Mentor","ktk","Near Mint","English","","","2023-10-01 10:02:06.313000","102","False","False","0.02"
"1","1","Bloodghast","lcc","Near Mint","English","","","2023-12-24 22:40:47.713000","184","False","False",""
"1","1","Bloodletter of Aclazotz","lci","Near Mint","English","","","2024-01-13 22:15:22.680000","336","False","False","10.93"
"1","1","Bloodline Necromancer","voc","Near Mint","German","","","2023-10-01 10:02:06.313000","120","False","False","0.16"
"1","1","Bloodline Necromancer","lcc","Near Mint","English","","","2023-12-24 22:40:47.713000","185","False","False",""
"1","1","Bloodlord of Vaasgoth","voc","Near Mint","German","","","2023-10-01 10:02:06.313000","121","False","False","0.15"
"1","1","Bloodsoaked Altar","m20","Near Mint","German","","","2023-10-01 10:02:06.313000","90","False","False","0.05"
"1","1","Bloodsworn Squire // Bloodsworn Knight","vow","Near Mint","German","","","2023-10-01 10:02:06.313000","97","False","False","0.02"
"1","1","Bloodsworn Steward","voc","Near Mint","German","","","2023-10-01 10:02:06.313000","144","False","False","0.20"
"1","1","Bloodtithe Collector","mid","Near Mint","German","","","2023-10-01 10:02:06.313000","90","False","False","0.02"
"1","1","Bloodtithe Harvester","vow","Near Mint","German","","","2023-10-01 10:02:06.313000","232","False","False","0.06"
"1","1","Bloodtracker","voc","Near Mint","German","","","2023-10-01 10:02:06.313000","122","False","False","0.10"
"1","1","Bloodtracker","lcc","Near Mint","English","","","2023-12-24 22:40:47.713000","186","False","False",""
"1","1","Blossoming Calm","mh2","Near Mint","German","","","2023-10-01 10:02:06.313000","7","False","False","0.08"
"1","1","Blossoming Sands","neo","Near Mint","German","","","2023-10-01 10:02:06.313000","265","False","False","0.04"
"1","1","Blossoming Sands","mom","Near Mint","English","","","2023-10-01 10:02:06.313000","268","False","False","0.04"
"1","1","Blossoming Sands","ktk","Near Mint","English","","","2023-10-01 10:02:06.313000","231","False","False","0.13"
"1","1","Blossoming Sands","iko","Near Mint","German","","","2023-10-01 10:02:06.313000","244","False","False","0.07"
"1","1","Blossoming Tortoise","woe","Near Mint","English","","","2023-10-01 10:02:06.313000","163","False","False","5.96"
"1","1","Blur","clb","Near Mint","German","","","2023-10-01 10:02:06.313000","58","False","False","0.10"
"1","1","Blur of Blades","hou","Near Mint","German","","","2023-10-01 10:02:06.313000","84","False","False","0.02"
"2","2","Boarded Window","vow","Near Mint","German","","","2023-10-01 10:02:06.313000","253","False","False","0.10"
"1","1","Boarding Party","cmr","Near Mint","German","","","2023-10-01 10:02:06.313000","163","False","False","0.19"
"1","1","Body Dropper","snc","Near Mint","German","","","2023-10-01 10:02:06.313000","168","False","False","0.04"
"1","1","Bog Badger","dmu","Near Mint","German","","","2023-10-01 10:02:06.313000","156","False","False","0.03"
"1","1","Bojuka Bog","dmc","Near Mint","German","","","2023-10-01 10:02:06.313000","199","False","False","0.71"
"1","1","Bojuka Bog","lcc","Near Mint","English","","","2023-12-24 22:40:47.713000","320","False","False",""
"1","1","Bolrac-Clan Crusher","rna","Near Mint","German","","","2023-10-01 10:02:06.313000","159","False","False","0.02"
"1","1","Bomat Bazaar Barge","kld","Near Mint","German","","","2023-10-01 10:02:06.313000","198","False","False","0.15"
"1","1","Bonded Horncrest","xln","Near Mint","German","","","2023-10-01 10:02:06.313000","133","False","False","0.02"
"2","2","Bone Shards","mh2","Near Mint","German","","","2023-10-01 10:02:06.313000","76","False","False","0.06"
"3","3","Bone to Ash","m20","Near Mint","German","","","2023-10-01 10:02:06.313000","48","False","False","0.10"
"4","4","Bonecrusher Giant // Stomp","eld","Near Mint","German","","","2023-10-01 10:02:06.313000","115","False","False","0.65"
"1","1","Bonehoard","znc","Near Mint","German","","","2023-10-01 10:02:06.313000","108","False","False","0.12"
"1","1","Boneyard Parley","xln","Near Mint","German","","","2023-10-01 10:02:06.313000","94","False","False","0.33"
"1","1","Bontu's Monument","dmc","Near Mint","German","","","2023-10-01 10:02:06.313000","179","False","False","1.66"
"1","1","Borderland Marauder","w16","Near Mint","German","","","2023-10-01 10:02:06.313000","11","False","False","0.25"
"1","1","Boreas Charger","voc","Near Mint","German","","","2023-10-01 10:02:06.313000","79","False","False","0.32"
"1","1","Born to Drive","neo","Near Mint","German","","","2023-10-01 10:02:06.313000","6","False","False","0.05"
"1","1","Born to Drive","neo","Near Mint","German","","","2023-10-01 10:02:06.313000","6","False","False","0.16"
"1","1","Boromir, Warden of the Tower","ltr","Near Mint","English","","","2023-10-01 10:02:06.313000","4","False","False","3.27"
"1","1","Boros Garrison","znc","Near Mint","German","","","2023-10-01 10:02:06.313000","122","False","False","0.09"
"1","1","Boros Garrison","dmc","Near Mint","German","","","2023-10-01 10:02:06.313000","200","False","False","0.12"
"1","1","Boros Guildgate","znc","Near Mint","German","","","2023-10-01 10:02:06.313000","123","False","False","0.05"
"2","2","Borrowed Time","mid","Near Mint","German","","","2023-10-01 10:02:06.313000","6","False","False","0.11"
"1","1","Bortuk Bonerattle","dmu","Near Mint","German","","","2023-10-01 10:02:06.313000","197","False","False","0.09"
"1","1","Bortuk Bonerattle","dmu","Near Mint","German","","","2023-10-01 10:02:06.313000","197","False","False","0.01"
"1","1","Bortuk Bonerattle","dmu","Near Mint","German","","","2023-10-01 10:02:06.313000","296","False","False","0.04"
"1","1","Bortuk Bonerattle","dmu","Near Mint","German","","","2023-10-01 10:02:06.313000","296","False","False","0.03"
"2","2","Boseiju Reaches Skyward // Branch of Boseiju","neo","Near Mint","German","","","2023-10-01 10:02:06.313000","177","False","False","0.01"
"2","2","Boseiju Reaches Skyward // Branch of Boseiju","neo","Near Mint","German","","","2023-10-01 10:02:06.313000","177","False","False","0.06"
"1","1","Boseiju, Who Endures","neo","Near Mint","German","","","2023-10-01 10:02:06.313000","266","False","False","28.19"
"2","2","Bottle Golems","mh2","Near Mint","German","","","2023-10-01 10:02:06.313000","222","False","False","0.35"
"1","1","Boundary Lands Ranger","woe","Near Mint","English","","","2023-10-01 10:02:06.313000","123","False","False","0.02"
"1","1","Bounding Wolf","mid","Near Mint","German","foil","","2023-10-01 10:02:06.313000","170","False","False","0.20"
"1","1","Bounty of Skemfar","khc","Near Mint","German","","","2023-10-01 10:02:06.313000","12","False","False","0.10"
"1","1","Brackish Blunder","lci","Near Mint","English","","","2024-01-13 22:15:22.680000","46","False","False","0.05"
"1","1","Brago, King Eternal","khc","Near Mint","German","","","2023-10-01 10:02:06.313000","82","False","False","0.40"
"1","1","Braids, Arisen Nightmare","dmu","Near Mint","German","","","2023-10-01 10:02:06.313000","84","False","False","1.92"
"1","1","Braids, Arisen Nightmare","dmu","Near Mint","German","foil","","2023-10-01 10:02:06.313000","288","False","False","3.64"
"1","1","Braids, Cabal Minion","mh2","Near Mint","German","","","2023-10-01 10:02:06.313000","273","False","False","0.20"
"1","1","Braids's Frightful Return","dmu","Near Mint","German","foil","","2023-10-01 10:02:06.313000","85","False","False","0.13"
"1","1","Brainstone","mh2","Near Mint","German","","","2023-10-01 10:02:06.313000","426","False","False","0.14"
"1","1","Bramble Armor","vow","Near Mint","German","","","2023-10-01 10:02:06.313000","188","False","False","0.04"
"2","2","Bramble Armor","mid","Near Mint","German","","","2023-10-01 10:02:06.313000","171","False","False","0.17"
"1","1","Bramble Wurm","vow","Near Mint","German","","","2023-10-01 10:02:06.313000","189","False","False","0.03"
"1","1","Bramble Wurm","vow","Near Mint","German","foil","","2023-10-01 10:02:06.313000","189","False","False","0.11"
"1","1","Branching Evolution","lcc","Near Mint","English","","","2023-12-24 22:38:06.913000","234","False","False",""
"1","1","Brave the Wilds","woe","Near Mint","English","","","2023-10-01 10:05:48.427000","165","False","False","0.08"
"1","1","Brazen Blademaster","lci","Near Mint","English","","","2024-01-13 22:15:22.680000","136","False","False","0.08"
"1","1","Brazen Freebooter","cmr","Near Mint","German","","","2023-10-01 10:02:06.313000","164","False","False","0.01"
"2","2","Brazen Scourge","kld","Near Mint","German","","","2023-10-01 10:02:06.313000","107","False","False","0.20"
"1","1","Brazen Wolves","emn","Near Mint","German","","","2023-10-01 10:02:06.313000","122","False","False","0.06"
"1","1","Break Asunder","dmr","Near Mint","German","","","2023-10-01 10:02:06.313000","152","False","False","0.02"
"1","1","Break the Ice","mh2","Near Mint","German","","","2023-10-01 10:02:06.313000","77","False","False","0.12"
"2","2","Break the Spell","woe","Near Mint","English","","","2023-10-01 10:02:06.313000","5","False","False","0.02"
"1","1","Break Ties","mh2","Near Mint","German","","","2023-10-01 10:02:06.313000","8","False","False","0.20"
"1","1","Breath of the Sleepless","voc","Near Mint","German","","","2023-10-01 10:02:06.313000","11","False","False","0.19"
"1","1","Breathless Knight","mh2","Near Mint","German","","","2023-10-01 10:02:06.313000","187","False","False","0.02"
"1","1","Breeches, Brazen Plunderer","cmr","Near Mint","German","","","2023-10-01 10:02:06.313000","165","False","False","0.09"
"1","1","Breeches, Brazen Plunderer","lcc","Near Mint","English","","","2023-12-24 22:14:40.263000","217","False","False",""
"1","1","Breeches, Eager Pillager","lci","Near Mint","English","","","2024-01-13 22:15:22.680000","294","False","False","0.34"
"1","1","Breya's Apprentice","mh2","Near Mint","German","foil","","2023-10-01 10:02:06.313000","117","False","False","0.18"
"1","1","Bride's Gown","vow","Near Mint","German","","","2023-10-01 10:02:06.313000","4","False","False","0.10"
"1","1","Brimstone Vandal","mid","Near Mint","German","","","2023-10-01 10:02:06.313000","130","False","False","0.02"
"1","1","Bring to Trial","rna","Near Mint","German","","","2023-10-01 10:02:06.313000","5","False","False","0.02"
"1","1","Bringer of the Last Gift","lci","Near Mint","English","","","2024-01-13 22:15:22.680000","94","False","False","0.20"
"3","3","Bristling Boar","iko","Near Mint","German","","","2023-10-01 10:02:06.313000","146","False","False","0.02"
"1","1","Broadside Bombardiers","lcc","Near Mint","English","","","2023-12-24 22:14:40.263000","86","False","False",""
"1","1","Broken Bond","dom","Near Mint","German","","","2023-10-01 10:02:06.313000","157","False","False","0.16"
"1","1","Broken Wings","dmu","Near Mint","German","","","2023-10-01 10:02:06.313000","157","False","False","0.01"
"1","1","Broken Wings","snc","Near Mint","German","","","2023-10-01 10:02:06.313000","136","False","False","0.02"
"1","1","Brokers Veteran","snc","Near Mint","German","","","2023-10-01 10:02:06.313000","36","False","False","0.01"
"1","1","Bronze Cudgels","neo","Near Mint","German","","","2023-10-01 10:02:06.313000","240","False","False","0.02"
"1","1","Bronze Cudgels","neo","Near Mint","German","","","2023-10-01 10:02:06.313000","240","False","False","0.07"
"1","1","Bronze Walrus","clb","Near Mint","German","","","2023-10-01 10:02:06.313000","302","False","False","0.02"
"1","1","Bronzebeak Foragers","lcc","Near Mint","English","","","2023-12-24 22:35:19.740000","69","False","False",""
"1","1","Bronzeplate Boar","neo","Near Mint","German","","","2023-10-01 10:02:06.313000","135","False","False","0.10"
"1","1","Bronzeplate Boar","neo","Near Mint","German","","","2023-10-01 10:02:06.313000","135","False","False","0.07"
"2","2","Brute Suit","neo","Near Mint","German","","","2023-10-01 10:02:06.313000","241","False","False","0.18"
"5","5","Built to Last","kld","Near Mint","German","","","2023-10-01 10:02:06.313000","7","False","False","0.05"
"2","2","Burdened Aerialist","mh2","Near Mint","German","","","2023-10-01 10:02:06.313000","38","False","False","0.22"
"1","1","Burly Breaker // Dire-Strain Demolisher","mid","Near Mint","German","","","2023-10-01 10:02:06.313000","299","False","False","0.03"
"2","2","Burn the Accursed","mid","Near Mint","German","","","2023-10-01 10:02:06.313000","132","False","False","0.10"
"1","1","Burning Sun Cavalry","lci","Near Mint","English","","","2024-01-13 22:15:22.680000","138","False","False","0.05"
"2","2","Burning Sun's Avatar","xln","Near Mint","German","","","2023-10-01 10:02:06.313000","135","False","False","0.25"
"1","1","Burnished Hart","khc","Near Mint","German","","","2023-10-01 10:02:06.313000","98","False","False","0.05"
"1","1","Burrog Befuddler","stx","Near Mint","German","","","2023-10-01 10:02:06.313000","38","False","False","0.15"
"2","2","Burrowing Razormaw","bro","Near Mint","German","","","2023-10-01 10:02:06.313000","173","False","False","0.10"
"1","1","Bushwhack","bro","Near Mint","German","","","2023-10-01 10:02:06.313000","174","False","False","0.20"
"1","1","Butcher of Malakir","lcc","Near Mint","English","","","2023-12-24 22:40:47.713000","187","False","False",""
"1","1","Butcher of Malakir","voc","Near Mint","German","","","2023-10-01 10:02:06.313000","123","False","False","0.09"
"1","1","Buy Your Silence","snc","Near Mint","German","","","2023-10-01 10:02:06.313000","6","False","False","0.02"
"1","1","By Invitation Only","vow","Near Mint","German","","","2023-10-01 10:02:06.313000","346","False","False","1.48"
"1","1","Bygone Bishop","voc","Near Mint","German","","","2023-10-01 10:02:06.313000","80","False","False","0.20"
"1","1","Bygone Marvels","lcc","Near Mint","English","","","2023-12-24 22:38:06.913000","89","False","False",""
"1","1","Cabal Initiate","mh2","Near Mint","German","","","2023-10-01 10:02:06.313000","78","False","False","0.04"
"1","1","Cabaretti Charm","snc","Near Mint","German","","","2023-10-01 10:02:06.313000","173","False","False","0.11"
"1","1","Cabaretti Initiate","snc","Near Mint","German","","","2023-10-01 10:02:06.313000","137","False","False","0.01"
"1","1","Cackling Fiend","dmr","Near Mint","German","","","2023-10-01 10:02:06.313000","76","False","False","0.02"
"1","1","Cadira, Caller of the Small","clb","Near Mint","German","","","2023-10-01 10:02:06.313000","269","False","False","0.15"
"1","1","Cadric, Soul Kindler","dmc","Near Mint","German","","","2023-10-01 10:02:06.313000","10","False","False","1.70"
"1","1","Calamitous Cave-In","lci","Near Mint","English","","","2024-01-13 22:15:22.680000","139","False","False","0.07"
"1","1","Calamity Bearer","pkhm","Near Mint","German","","","2023-10-01 10:02:06.313000","125p","False","False","0.45"
"1","1","Caldaia Strongarm","snc","Near Mint","German","","","2023-10-01 10:02:06.313000","138","False","False","0.02"
"1","1","Call the Bloodline","soi","Near Mint","German","","","2023-10-01 10:02:06.313000","103","False","False","0.49"
"1","1","Call to the Feast","xln","Near Mint","German","","","2023-10-01 10:02:06.313000","219","False","False","0.35"
"1","1","Callous Sell-Sword // Burn Together","woe","Near Mint","German","","","2023-10-25 10:26:22.653000","221","False","False","0.12"
"1","1","Callous Sell-Sword // Burn Together","woe","Near Mint","English","","","2023-10-01 10:02:06.313000","221","False","False","0.03"
"1","1","Campus Guide","stx","Near Mint","German","","","2023-10-01 10:02:06.313000","252","False","False","0.09"
"1","1","Cancel","xln","Near Mint","German","","","2023-10-01 10:02:06.313000","47","False","False","0.03"
"1","1","Candlelit Cavalry","mid","Near Mint","German","foil","","2023-10-01 10:02:06.313000","175","False","False","0.02"
"2","2","Candletrap","mid","Near Mint","German","","","2023-10-01 10:02:06.313000","9","False","False","0.03"
"1","1","Candy Trail","woe","Near Mint","English","","","2023-10-01 10:05:48.427000","243","False","False","0.17"
"2","2","Candy Trail","woe","Near Mint","German","","","2023-10-25 10:26:22.653000","243","False","False","0.15"
"1","1","Canonized in Blood","lci","Near Mint","English","","","2024-01-13 22:15:22.680000","96","False","False","0.10"
"1","1","Canopy Tactician","khm","Near Mint","German","","","2023-10-01 10:02:06.313000","378","False","False","0.67"
"1","1","Canopy Vista","c20","Near Mint","German","","","2023-10-01 10:02:06.313000","261","False","False","0.75"
"1","1","Canopy Vista","lcc","Near Mint","English","","","2023-12-24 22:35:19.740000","321","False","False",""
"1","1","Canopy Vista","dmc","Near Mint","German","","","2023-10-01 10:02:06.313000","201","False","False","0.32"
"1","1","Caprichrome","mh2","Near Mint","German","","","2023-10-01 10:02:06.313000","9","False","False","0.05"
"1","1","Captain Lannery Storm","dmc","Near Mint","German","","","2023-10-01 10:02:06.313000","120","False","False","0.50"
"1","1","Captain Lannery Storm","lcc","Near Mint","English","","","2023-12-24 22:14:40.263000","218","False","False",""
"1","1","Captain of Umbar","ltr","Near Mint","English","","","2023-10-01 10:02:06.313000","45","False","False","0.03"
"1","1","Captain Storm, Cosmium Raider","lci","Near Mint","English","","","2024-01-13 22:15:22.680000","227","False","False","0.10"
"1","1","Captain Storm, Cosmium Raider","lci","Near Mint","English","foil","","2024-01-13 22:15:22.680000","303","False","False","0.20"
"1","1","Captain's Call","dmu","Near Mint","German","","","2023-10-01 10:02:06.313000","9","False","False","0.02"
"1","1","Captain's Call","cmr","Near Mint","German","","","2023-10-01 10:02:06.313000","15","False","False","0.05"
"1","1","Captivating Cave","lci","Near Mint","English","","","2024-01-13 22:15:22.680000","268","False","False","0.09"
"1","1","Captivating Crew","lcc","Near Mint","English","","","2023-12-24 22:14:40.263000","219","False","False",""
"1","1","Captive Audience","rna","Near Mint","German","","","2023-10-01 10:02:06.313000","160","False","False","2.79"
"1","1","Captive Weird // Compleated Conjurer","mom","Near Mint","English","","","2023-10-01 10:02:06.313000","49","False","False","0.06"
"1","1","Captured by Lagacs","mh2","Near Mint","German","","","2023-10-01 10:02:06.313000","188","False","False","0.02"
"1","1","Captured by the Consulate","kld","Near Mint","German","","","2023-10-01 10:02:06.313000","8","False","False","0.10"
"1","1","Careening Mine Cart","lci","Near Mint","English","","","2024-01-13 22:15:22.680000","247","False","False","0.15"
"1","1","Careful Cultivation","neo","Near Mint","German","","","2023-10-01 10:02:06.313000","178","False","False","0.06"
"1","1","Careful Cultivation","neo","Near Mint","German","","","2023-10-01 10:02:06.313000","178","False","False","0.07"
"1","1","Carmen, Cruel Skymarcher","lcc","Near Mint","English","foil","","2023-12-24 22:40:47.713000","5","False","False",""
"1","1","Carrion Locust","bro","Near Mint","German","","","2023-10-01 10:02:06.313000","87","False","False","0.01"
"1","1","Carrion Screecher","hou","Near Mint","German","","","2023-10-01 10:02:06.313000","61","False","False","0.02"
"1","1","Cartographer's Survey","vow","Near Mint","German","","","2023-10-01 10:02:06.313000","190","False","False","0.10"
"1","1","Cascading Cataracts","dmc","Near Mint","German","","","2023-10-01 10:02:06.313000","202","False","False","1.40"
"1","1","Case the Joint","snc","Near Mint","German","","","2023-10-01 10:02:06.313000","37","False","False","0.02"
"1","1","Cast into the Fire","ltr","Near Mint","English","","","2023-10-01 10:02:06.313000","118","False","False","0.35"
"3","3","Castaway's Despair","xln","Near Mint","German","","","2023-10-01 10:02:06.313000","281","False","False","0.10"
"2","2","Castle Embereth","eld","Near Mint","German","","","2023-10-01 10:02:06.313000","239","False","False","0.28"
"1","1","Casualties of War","khc","Near Mint","German","","","2023-10-01 10:02:06.313000","83","False","False","0.19"
"1","1","Cat","tdmr","Near Mint","German","","","2023-10-01 10:02:06.313000","3","False","False","0.20"
"1","1","Cataclysmic Gearhulk","kld","Near Mint","German","","","2023-10-01 10:02:06.313000","9","False","False","0.51"
"1","1","Catapult Fodder // Catapult Captain","vow","Near Mint","German","","","2023-10-01 10:02:06.313000","99","False","False","0.17"
"2","2","Cathar Commando","mid","Near Mint","German","","","2023-10-01 10:02:06.313000","10","False","False","0.01"
"1","1","Cathar's Call","mid","Near Mint","German","","","2023-10-01 10:02:06.313000","11","False","False","0.03"
"2","2","Cathar's Companion","soi","Near Mint","German","","","2023-10-01 10:02:06.313000","9","False","False","0.02"
"1","1","Cathartic Pyre","mid","Near Mint","German","","","2023-10-01 10:02:06.313000","133","False","False","0.21"
"4","4","Cathartic Reunion","kld","Near Mint","German","","","2023-10-01 10:02:06.313000","109","False","False","0.05"
"2","2","Caught in the Brights","aer","Near Mint","German","","","2023-10-01 10:02:06.313000","10","False","False","0.05"
"1","1","Cavern Stomper","lci","Near Mint","English","","","2024-01-13 22:15:22.680000","177","False","False","0.11"
"2","2","Cavernous Maw","lci","Near Mint","English","","","2024-01-13 22:15:22.680000","270","False","False","0.08"
"1","1","Caves of Koilos","dmu","Near Mint","German","","","2023-10-01 10:02:06.313000","244","False","False","0.43"
"1","1","Caves of Koilos","dmu","Near Mint","German","","","2023-10-01 10:02:06.313000","244","False","False","0.51"
"2","2","Celeborn the Wise","ltr","Near Mint","English","","","2023-10-01 10:02:06.313000","156","False","False","0.10"
"1","1","Celebrity Fencer","snc","Near Mint","German","","","2023-10-01 10:02:06.313000","7","False","False","0.02"
"1","1","Celestial Regulator","snc","Near Mint","German","","","2023-10-01 10:02:06.313000","174","False","False","0.04"
"1","1","Cemetery Recruitment","emn","Near Mint","German","","","2023-10-01 10:02:06.313000","83","False","False","0.04"
"2","2","Ceremonial Knife","vow","Near Mint","German","","","2023-10-01 10:02:06.313000","254","False","False","0.05"
"1","1","Chain Devil","clb","Near Mint","German","","","2023-10-01 10:02:06.313000","120","False","False","0.11"
"1","1","Chain Lightning","dmr","Near Mint","German","","","2023-10-01 10:02:06.313000","113","False","False","0.35"
"1","1","Chainer's Edict","dmr","Near Mint","German","","","2023-10-01 10:02:06.313000","78","False","False","1.00"
"1","1","Chainflail Centipede","neo","Near Mint","German","","","2023-10-01 10:02:06.313000","90","False","False","0.02"
"1","1","Chainflail Centipede","neo","Near Mint","German","","","2023-10-01 10:02:06.313000","90","False","False","0.02"
"3","3","Chainweb Aracnir","thb","Near Mint","German","","","2023-10-01 10:02:06.313000","167","False","False","0.05"
"1","1","Champion of Dusk","voc","Near Mint","German","","","2023-10-01 10:02:06.313000","124","False","False","0.24"
"1","1","Champion of Dusk","lcc","Near Mint","English","","","2023-12-24 22:40:47.713000","188","False","False",""
"1","1","Chance-Met Elves","ltr","Near Mint","English","","","2023-10-01 10:02:06.313000","157","False","False","0.10"
"1","1","Chandra, Pyrogenius","kld","Near Mint","German","foil","","2023-10-01 10:02:06.313000","265","False","False","2.44"
"1","1","Chandra's Ignition","lcc","Near Mint","English","","","2023-12-24 22:35:19.740000","220","False","False",""
"2","2","Chandra's Outrage","m20","Near Mint","German","","","2023-10-01 10:02:06.313000","130","False","False","0.02"
"2","2","Chandra's Pyrohelix","kld","Near Mint","German","","","2023-10-01 10:02:06.313000","111","False","False","0.02"
"1","1","Chandra's Revolution","aer","Near Mint","German","","","2023-10-01 10:02:06.313000","77","False","False","0.11"
"1","1","Chandra's Spitfire","m20","Near Mint","German","","","2023-10-01 10:02:06.313000","132","False","False","0.03"
"1","1","Changeling Outcast","znc","Near Mint","German","","","2023-10-01 10:02:06.313000","40","False","False","0.13"
"1","1","Chaos Warp","sta","Near Mint","German","","","2023-10-01 10:02:06.313000","36","False","False","1.50"
"1","1","Chaos Warp","lcc","Near Mint","English","","","2023-12-24 22:14:40.263000","221","False","False",""
"1","1","Chaotic Transformation","dmu","Near Mint","German","","","2023-10-01 10:02:06.313000","117","False","False","0.14"
"1","1","Chaplain of Alms // Chapel Shieldgeist","mid","Near Mint","German","foil","","2023-10-01 10:02:06.313000","13","False","False","0.02"
"1","1","Charcoal Diamond","clb","Near Mint","German","","","2023-10-01 10:02:06.313000","305","False","False","0.14"
"1","1","Charcoal Diamond","voc","Near Mint","German","","","2023-10-01 10:02:06.313000","162","False","False","0.02"
"1","1","Charismatic Conqueror","lcc","Near Mint","English","","","2023-12-24 22:40:47.713000","70","False","False",""
"1","1","Charismatic Vanguard","dmu","Near Mint","German","","","2023-10-01 10:02:06.313000","10","False","False","0.02"
"1","1","Charismatic Vanguard","dmu","Near Mint","German","","","2023-10-01 10:02:06.313000","10","False","False","0.02"
"1","1","Charismatic Vanguard","dmu","Near Mint","German","","","2023-10-01 10:02:06.313000","10","False","False","0.02"
"1","1","Charity Extractor","war","Near Mint","German","","","2023-10-01 10:02:06.313000","81","False","False","0.05"
"1","1","Charmed Clothier","woe","Near Mint","English","","","2023-10-01 10:05:48.427000","6","False","False","0.03"
"2","2","Charming Scoundrel","woe","Near Mint","German","","","2023-10-25 10:26:22.653000","124","False","False","0.56"
"1","1","Chatterfang, Squirrel General","mh2","Near Mint","German","","","2023-10-01 10:02:06.313000","151","False","False","2.50"
"1","1","Chatterstorm","mh2","Near Mint","German","","","2023-10-01 10:02:06.313000","152","False","False","0.08"
"1","1","Checkpoint Officer","iko","Near Mint","German","","","2023-10-01 10:02:06.313000","5","False","False","0.02"
"1","1","Chief of the Foundry","kld","Near Mint","English","foil","","2023-10-01 10:02:06.313000","200","False","False","0.70"
"1","1","Child of the Volcano","lci","Near Mint","German","","","2024-01-13 22:15:22.680000","140","False","False","0.12"
"2","2","Child of the Volcano","lci","Near Mint","English","","","2024-01-13 22:15:22.680000","140","False","False","0.12"
"2","2","Chillbringer","rna","Near Mint","German","","","2023-10-01 10:02:06.313000","33","False","False","0.04"
"1","1","Chitterspitter","mh2","Near Mint","German","","","2023-10-01 10:02:06.313000","153","False","False","0.19"
"1","1","Choked Estuary","lcc","Near Mint","English","","","2023-12-24 22:14:40.263000","322","False","False",""
"1","1","Choking Miasma","dmu","Near Mint","German","","","2023-10-01 10:02:06.313000","86","False","False","0.08"
"1","1","Choking Restraints","emn","Near Mint","German","","","2023-10-01 10:02:06.313000","16","False","False","0.05"
"1","1","Chromanticore","dmc","Near Mint","German","","","2023-10-01 10:02:06.313000","146","False","False","0.23"
"1","1","Chromatic Star","brr","Near Mint","German","","","2023-10-01 10:02:06.313000","11","False","False","0.20"
"1","1","Chrome Cat","snc","Near Mint","German","","","2023-10-01 10:02:06.313000","236","False","False","0.12"
"1","1","Chrome Courier","mh2","Near Mint","German","","","2023-10-01 10:02:06.313000","190","False","False","0.07"
"2","2","Chupacabra Echo","lci","Near Mint","English","","","2024-01-13 22:15:22.680000","97","False","False","0.13"
"2","2","Cinder Barrens","ogw","Near Mint","German","","","2023-10-01 10:02:06.313000","168","False","False","0.08"
"1","1","Cinder Glade","lcc","Near Mint","English","","","2023-12-24 22:35:19.740000","323","False","False",""
"1","1","Cinder Glade","dmc","Near Mint","German","","","2023-10-01 10:02:06.313000","203","False","False","0.24"
"1","1","Cinder Glade","c19","Near Mint","German","","","2023-10-01 10:02:06.313000","236","False","False","1.27"
"1","1","Circle of Confinement","vow","Near Mint","German","foil","","2023-10-01 10:02:06.313000","7","False","False","0.11"
"1","1","Circle of Dreams Druid","afr","Near Mint","German","","","2023-10-01 10:02:06.313000","176","False","False","4.44"
"1","1","Circuitous Route","znc","Near Mint","German","","","2023-10-01 10:02:06.313000","62","False","False","0.44"
"1","1","Citizen's Arrest","dmu","Near Mint","German","","","2023-10-01 10:02:06.313000","11","False","False","0.02"
"1","1","Citizen's Arrest","dmu","Near Mint","German","foil","","2023-10-01 10:02:06.313000","11","False","False","0.04"
"2","2","Civil Servant","snc","Near Mint","German","","","2023-10-01 10:02:06.313000","176","False","False","0.02"
"1","1","Claim the Firstborn","sta","Near Mint","German","","","2023-10-01 10:02:06.313000","37","False","False","0.17"
"1","1","Clarion Cathars","mid","Near Mint","German","","","2023-10-01 10:02:06.313000","14","False","False","0.01"
"1","1","Clavileño, First of the Blessed","lcc","Near Mint","English","foil","","2023-12-24 22:40:47.713000","2","False","False",""
"1","1","Clawing Torment","neo","Near Mint","German","","","2023-10-01 10:02:06.313000","91","False","False","0.09"
"1","1","Clay Revenant","bro","Near Mint","English","foil","","2023-10-01 10:02:06.313000","118","False","False","0.24"
"2","2","Clay-Fired Bricks // Cosmium Kiln","lci","Near Mint","English","","","2024-01-13 22:15:22.680000","6","False","False","0.11"
"1","1","Cleansing Nova","khc","Near Mint","German","","","2023-10-01 10:02:06.313000","20","False","False","0.10"
"1","1","Cleanup Crew","snc","Near Mint","German","","","2023-10-01 10:02:06.313000","141","False","False","0.03"
"1","1","Cleanup Crew","snc","Near Mint","German","foil","","2023-10-01 10:02:06.313000","141","False","False","0.10"
"1","1","Cleaving Reaper","khm","Near Mint","German","","","2023-10-01 10:02:06.313000","376","False","False","0.98"
"3","3","Cleric of the Forward Order","dmr","Near Mint","German","","","2023-10-01 10:02:06.313000","3","False","False","0.02"
"1","1","Clever Lumimancer","stx","Near Mint","German","","","2023-10-01 10:02:06.313000","10","False","False","0.20"
"1","1","Clifftop Retreat","lcc","Near Mint","English","","","2023-12-24 22:35:19.740000","324","False","False",""
"3","3","Cling to Dust","thb","Near Mint","German","","","2023-10-01 10:02:06.313000","87","False","False","0.21"
"1","1","Clip Wings","soi","Near Mint","German","","","2023-10-01 10:02:06.313000","197","False","False","0.05"
"1","1","Cloak of the Bat","clb","Near Mint","German","","","2023-10-01 10:02:06.313000","307","False","False","0.13"
"1","1","Cloakwood Hermit","clb","Near Mint","German","","","2023-10-01 10:02:06.313000","221","False","False","0.12"
"2","2","Cloakwood Swarmkeeper","clb","Near Mint","German","","","2023-10-01 10:02:06.313000","222","False","False","0.19"
"1","1","Clockwork Drawbridge","dmu","Near Mint","German","","","2023-10-01 10:02:06.313000","13","False","False","0.01"
"1","1","Clockwork Drawbridge","dmu","Near Mint","German","","","2023-10-01 10:02:06.313000","13","False","False","0.05"
"1","1","Clockwork Drawbridge","dmu","Near Mint","German","","","2023-10-01 10:02:06.313000","13","False","False","0.03"
"1","1","Clockwork Fox","clb","Near Mint","German","","","2023-10-01 10:02:06.313000","308","False","False","0.17"
"1","1","Closing Statement","stx","Near Mint","German","","","2023-10-01 10:02:06.313000","169","False","False","0.20"
"1","1","Cloud of Faeries","dmr","Near Mint","German","","","2023-10-01 10:02:06.313000","43","False","False","0.29"
"1","1","Cloudblazer","khc","Near Mint","German","","","2023-10-01 10:02:06.313000","84","False","False","0.02"
"1","1","Cloudgoat Ranger","khc","Near Mint","German","","","2023-10-01 10:02:06.313000","21","False","False","0.02"
"1","1","Clue","tmh2","Near Mint","English","","","2023-10-01 10:02:06.313000","14","False","False","0.15"
"1","1","Coalition Relic","dmc","Near Mint","German","","","2023-10-01 10:02:06.313000","180","False","False","0.43"
"1","1","Coalition Warbrute","dmu","Near Mint","German","","","2023-10-01 10:02:06.313000","118","False","False","0.02"
"1","1","Coalition Warbrute","dmu","Near Mint","German","","","2023-10-01 10:02:06.313000","118","False","False","0.06"
"1","1","Coastal Bulwark","bro","Near Mint","German","","","2023-10-01 10:02:06.313000","76","False","False","0.01"
"1","1","Coastal Piracy","mmq","Near Mint","German","","","2023-10-01 10:02:06.313000","68","False","False","2.00"
"1","1","Cobbled Lancer","vow","Near Mint","German","","","2023-10-01 10:02:06.313000","52","False","False","0.06"
"1","1","Cobbled Wings","xln","Near Mint","German","","","2023-10-01 10:02:06.313000","233","False","False","0.05"
"2","2","Code of Constraint","rna","Near Mint","German","","","2023-10-01 10:02:06.313000","35","False","False","0.03"
"1","1","Coercive Recruiter","lcc","Near Mint","English","","","2023-12-24 22:14:40.263000","222","False","False",""
"1","1","Cogwork Wrestler","lci","Near Mint","English","","","2024-01-13 22:15:22.680000","49","False","False","0.09"
"1","1","Coiling Oracle","dmc","Near Mint","German","","","2023-10-01 10:02:06.313000","147","False","False","0.05"
"1","1","Coiling Stalker","neo","Near Mint","German","","","2023-10-01 10:02:06.313000","346","False","False","0.05"
"2","2","Coiling Stalker","neo","Near Mint","German","","","2023-10-01 10:02:06.313000","346","False","False","0.02"
"1","1","Coiling Stalker","neo","Near Mint","German","foil","","2023-10-01 10:02:06.313000","346","False","False","0.09"
"1","1","Coiling Stalker","neo","Near Mint","German","","","2023-10-01 10:02:06.313000","179","False","False","0.05"
"1","1","Coiling Stalker","neo","Near Mint","German","","","2023-10-01 10:02:06.313000","179","False","False","0.02"
"1","1","Cold-Eyed Selkie","lcc","Near Mint","English","","","2023-12-24 22:38:06.913000","266","False","False",""
"1","1","Colfenor, the Last Yew","cmr","Near Mint","German","","","2023-10-01 10:02:06.313000","274","False","False","0.18"
"1","1","Collective Nightmare","mom","Near Mint","English","","","2023-10-01 10:02:06.313000","95","False","False","0.02"
"1","1","Colossadactyl","lci","Near Mint","English","","","2024-01-13 22:15:22.680000","180","False","False","0.05"
"1","1","Colossal Dreadmaw","xln","Near Mint","German","","","2023-10-01 10:02:06.313000","180","False","False","0.02"
"2","2","Colossal Dreadmaw","m21","Near Mint","German","","","2023-10-01 10:02:06.313000","176","False","False","0.01"
"1","1","Colossal Growth","dmu","Near Mint","German","","","2023-10-01 10:02:06.313000","158","False","False","0.02"
"1","1","Colossal Skyturtle","neo","Near Mint","German","","","2023-10-01 10:02:06.313000","216","False","False","0.13"
"1","1","Colossification","iko","Near Mint","German","","","2023-10-01 10:02:06.313000","148","False","False","0.25"
"1","1","Combat Courier","bro","Near Mint","German","","","2023-10-01 10:02:06.313000","77","False","False","0.09"
"1","1","Command Tower","dmc","Near Mint","German","","","2023-10-01 10:02:06.313000","204","False","False","0.25"
"1","1","Command Tower","dmc","Near Mint","German","","","2023-10-01 10:02:06.313000","204","False","False","0.13"
"4","4","Command Tower","lcc","Near Mint","English","","","2023-12-24 22:14:40.263000","325","False","False",""
"1","1","Command Tower","znc","Near Mint","German","","","2023-10-01 10:02:06.313000","124","False","False","0.23"
"1","1","Command Tower","znc","Near Mint","German","","","2023-10-01 10:02:06.313000","124","False","False","0.23"
"1","1","Command Tower","voc","Near Mint","German","","","2023-10-01 10:02:06.313000","172","False","False","0.09"
"1","1","Command Tower","voc","Near Mint","German","","","2023-10-01 10:02:06.313000","172","False","False","0.24"
"1","1","Command Tower","khc","Near Mint","German","","","2023-10-01 10:02:06.313000","108","False","False","0.10"
"1","1","Command Tower","khc","Near Mint","German","","","2023-10-01 10:02:06.313000","108","False","False","0.10"
"1","1","Commander's Sphere","khc","Near Mint","German","","","2023-10-01 10:02:06.313000","99","False","False","0.02"
"1","1","Commander's Sphere","voc","Near Mint","German","","","2023-10-01 10:02:06.313000","163","False","False","0.02"
"1","1","Commander's Sphere","voc","Near Mint","German","","","2023-10-01 10:02:06.313000","163","False","False","0.08"
"1","1","Commander's Sphere","znc","Near Mint","German","","","2023-10-01 10:02:06.313000","109","False","False","0.11"
"3","3","Commander's Sphere","lcc","Near Mint","English","","","2023-12-24 22:14:40.263000","301","False","False",""
"1","1","Commander's Sphere","dmc","Near Mint","German","","","2023-10-01 10:02:06.313000","181","False","False","0.15"
"1","1","Commander's Sphere","dmc","Near Mint","German","","","2023-10-01 10:02:06.313000","181","False","False","0.10"
"1","1","Commencement of Festivities","kld","Near Mint","German","","","2023-10-01 10:02:06.313000","148","False","False","0.02"
"1","1","Commencement of Festivities","kld","Near Mint","German","foil","","2023-10-01 10:02:06.313000","148","False","False","0.10"
"1","1","Commit // Memory","lcc","Near Mint","English","","","2023-12-24 22:38:06.913000","147","False","False",""
"1","1","Commune with Nature","woe","Near Mint","English","","","2023-10-01 10:02:06.313000","166","False","False","0.01"
"2","2","Commune with Nature","woe","Near Mint","German","","","2023-10-25 10:26:22.653000","166","False","False","0.03"
"1","1","Compass Gnome","lci","Near Mint","English","","","2024-01-13 22:15:22.680000","250","False","False","0.09"
"1","1","Compelling Deterrence","soi","Near Mint","German","","","2023-10-01 10:02:06.313000","52","False","False","0.05"
"1","1","Compleated Huntmaster","mom","Near Mint","English","","","2023-10-01 10:02:06.313000","96","False","False","0.06"
"1","1","Component Collector","mid","Near Mint","English","","","2023-10-01 10:02:06.313000","43","False","False","0.02"
"3","3","Component Collector","mid","Near Mint","German","","","2023-10-01 10:02:06.313000","43","False","False","0.02"
"2","2","Compulsion","wot","Near Mint","English","","","2023-10-01 10:05:48.427000","15","False","False","0.04"
"1","1","Conceited Witch // Price of Beauty","woe","Near Mint","English","","","2023-10-01 10:02:06.313000","84","False","False","0.02"
"1","1","Conceited Witch // Price of Beauty","woe","Near Mint","German","","","2023-10-25 10:26:22.653000","84","False","False","0.08"
"4","4","Concordia Pegasus","rna","Near Mint","German","","","2023-10-01 10:02:06.313000","7","False","False","0.35"
"1","1","Condemn","znc","Near Mint","German","","","2023-10-01 10:02:06.313000","12","False","False","0.15"
"1","1","Cone of Flame","w16","Near Mint","German","","","2023-10-01 10:02:06.313000","12","False","False","0.02"
"3","3","Confounding Conundrum","znr","Near Mint","German","","","2023-10-01 10:02:06.313000","53","False","False","0.08"
"1","1","Confounding Riddle","lci","Near Mint","English","foil","","2024-01-13 22:15:22.680000","50","False","False","0.23"
"1","1","Conscripted Infantry","bro","Near Mint","German","","","2023-10-01 10:02:06.313000","129","False","False","0.02"
"1","1","Consider","mid","Near Mint","German","","","2023-10-01 10:02:06.313000","44","False","False","0.95"
"1","1","Consign // Oblivion","hou","Near Mint","German","","","2023-10-01 10:02:06.313000","149","False","False","0.13"
"2","2","Constable of the Realm","mh2","Near Mint","German","","","2023-10-01 10:02:06.313000","10","False","False","0.03"
"1","1","Consulate Dreadnought","aer","Near Mint","German","","","2023-10-01 10:02:06.313000","146","False","False","0.32"
"2","2","Consulate Skygate","kld","Near Mint","German","","","2023-10-01 10:02:06.313000","202","False","False","0.04"
"1","1","Consulate Surveillance","kld","Near Mint","German","","","2023-10-01 10:02:06.313000","10","False","False","0.16"
"2","2","Consulate Turret","aer","Near Mint","German","","","2023-10-01 10:02:06.313000","147","False","False","0.09"
"1","1","Consul's Shieldguard","kld","Near Mint","German","","","2023-10-01 10:02:06.313000","11","False","False","0.14"
"1","1","Consuming Aberration","znc","Near Mint","German","","","2023-10-01 10:02:06.313000","89","False","False","0.31"
"3","3","Containment Construct","neo","Near Mint","German","","","2023-10-01 10:02:06.313000","243","False","False","0.46"
"1","1","Containment Construct","neo","Near Mint","German","","","2023-10-01 10:02:06.313000","243","False","False","0.56"
"1","1","Containment Construct","neo","Near Mint","German","","","2023-10-01 10:02:06.313000","243","False","False","0.70"
"1","1","Contaminated Aquifer","dmu","Near Mint","German","","","2023-10-01 10:02:06.313000","245","False","False","0.12"
"1","1","Contested Game Ball","lci","Near Mint","English","","","2024-01-13 22:15:22.680000","251","False","False","0.07"
"1","1","Contingency Plan","emn","Near Mint","German","","","2023-10-01 10:02:06.313000","52","False","False","0.33"
"1","1","Contortionist Troupe","mid","Near Mint","German","","","2023-10-01 10:02:06.313000","178","False","False","0.06"
"1","1","Conviction","aer","Near Mint","German","","","2023-10-01 10:02:06.313000","12","False","False","0.02"
"2","2","Cooped Up","woe","Near Mint","English","","","2023-10-01 10:02:06.313000","8","False","False","0.02"
"1","1","Copy","tcmr","Near Mint","German","","","2023-10-01 10:02:06.313000","13","False","False","0.08"
"1","1","Coral Colony","dmu","Near Mint","German","","","2023-10-01 10:02:06.313000","45","False","False","0.08"
"1","1","Coralhelm Commander","lcc","Near Mint","English","","","2023-12-24 22:38:06.913000","148","False","False",""
"1","1","Cordial Vampire","lcc","Near Mint","English","","","2023-12-24 22:40:47.713000","189","False","False",""
"1","1","Cordial Vampire","voc","Near Mint","German","","","2023-10-01 10:02:06.313000","125","False","False","0.75"
"1","1","Corpse Appraiser","snc","Near Mint","German","","","2023-10-01 10:02:06.313000","178","False","False","0.02"
"2","2","Corpse Cobble","mid","Near Mint","German","","","2023-10-01 10:02:06.313000","214","False","False","0.10"
"1","1","Corpse Knight","pm20","Near Mint","German","","","2023-10-01 10:02:06.313000","206","False","False","0.49"
"1","1","Corrupt Court Official","snc","Near Mint","German","","","2023-10-01 10:02:06.313000","70","False","False","0.02"
"1","1","Corsair Captain","lcc","Near Mint","English","","","2023-12-24 22:14:40.263000","149","False","False",""
"1","1","Cosmic Intervention","khc","Near Mint","German","","","2023-10-01 10:02:06.313000","3","False","False","1.70"
"2","2","Cosmium Blast","lci","Near Mint","English","","","2024-01-13 22:15:22.680000","7","False","False","0.13"
"1","1","Costly Plunder","xln","Near Mint","German","","","2023-10-01 10:02:06.313000","96","False","False","0.11"
"1","1","Council of Echoes","lci","Near Mint","English","","","2024-01-13 22:15:22.680000","51","False","False","0.03"
"3","3","Countless Gears Renegade","mb1","Near Mint","German","","","2023-10-01 10:02:06.313000","62","False","False","0.02"
"1","1","Courser of Kruphix","bng","Near Mint","German","","","2023-10-01 10:02:06.313000","119","False","False","2.31"
"1","1","Covert Cutpurse // Covetous Geist","mid","Near Mint","English","","","2023-10-01 10:02:06.313000","92","False","False","0.25"
"1","1","Covetous Castaway // Ghostly Castigator","mid","Near Mint","German","","","2023-10-01 10:02:06.313000","45","False","False","0.25"
"1","1","Cowl Prowler","kld","Near Mint","German","","","2023-10-01 10:02:06.313000","149","False","False","0.02"
"1","1","Crab","tmh2","Near Mint","German","","","2023-10-01 10:02:06.313000","2","False","False","0.09"
"2","2","Crack Open","mh2","Near Mint","German","","","2023-10-01 10:02:06.313000","154","False","False","0.02"
"1","1","Cragplate Baloth","pznr","Near Mint","German","foil","","2023-10-01 10:02:06.313000","183s","False","False","0.33"
"1","1","Crash the Ramparts","xln","Near Mint","German","","","2023-10-01 10:02:06.313000","182","False","False","0.02"
"1","1","Crawling Infestation","vow","Near Mint","German","","","2023-10-01 10:02:06.313000","193","False","False","0.05"
"2","2","Creeping Mold","kld","Near Mint","German","","","2023-10-01 10:02:06.313000","150","False","False","0.04"
"1","1","Crimson Honor Guard","voc","Near Mint","German","","","2023-10-01 10:02:06.313000","145","False","False","0.09"
"1","1","Crooked Custodian","snc","Near Mint","German","","","2023-10-01 10:02:06.313000","71","False","False","0.02"
"1","1","Crop Rotation","c20","Near Mint","German","","","2023-10-01 10:02:06.313000","169","False","False","0.72"
"1","1","Crossroads Candleguide","mid","Near Mint","German","","","2023-10-01 10:02:06.313000","253","False","False","0.05"
"1","1","Crossway Troublemakers","voc","Near Mint","German","","","2023-10-01 10:02:06.313000","17","False","False","0.25"
"1","1","Crossway Troublemakers","lcc","Near Mint","English","","","2023-12-24 22:40:47.713000","190","False","False",""
"1","1","Crown of Skemfar","khc","Near Mint","German","","","2023-10-01 10:02:06.313000","13","False","False","0.09"
"1","1","Cruel Celebrant","war","Near Mint","English","","","2023-10-01 10:02:06.313000","188","False","False","0.50"
"1","1","Cruel Celebrant","lcc","Near Mint","English","","","2023-12-24 22:40:47.713000","267","False","False",""
"1","1","Cruel Finality","aer","Near Mint","German","","","2023-10-01 10:02:06.313000","54","False","False","0.05"
"1","1","Cruel Somnophage // Can't Wake Up","woe","Near Mint","German","","","2023-10-25 10:26:22.653000","222","False","False","0.40"
"1","1","Cruel Witness","vow","Near Mint","German","","","2023-10-01 10:02:06.313000","55","False","False","0.02"
"1","1","Crumbling Necropolis","lcc","Near Mint","English","","","2023-12-24 22:14:40.263000","326","False","False",""
"1","1","Crumbling Necropolis","dmc","Near Mint","German","","","2023-10-01 10:02:06.313000","205","False","False","0.17"
"1","1","Crush Contraband","znc","Near Mint","German","","","2023-10-01 10:02:06.313000","13","False","False","0.09"
"1","1","Crush Contraband","voc","Near Mint","German","","","2023-10-01 10:02:06.313000","81","False","False","0.10"
"1","1","Crushing Canopy","xln","Near Mint","German","","","2023-10-01 10:02:06.313000","183","False","False","0.10"
"1","1","Crushing Vines","cmr","Near Mint","German","","","2023-10-01 10:02:06.313000","221","False","False","0.02"
"1","1","Crushing Vines","cmr","Near Mint","German","","","2023-10-01 10:02:06.313000","221","False","False","0.04"
"1","1","Cryptic Caves","znc","Near Mint","German","","","2023-10-01 10:02:06.313000","125","False","False","0.49"
"1","1","Cryptic Caves","khc","Near Mint","German","","","2023-10-01 10:02:06.313000","109","False","False","0.02"
"1","1","Crystal Grotto","dmu","Near Mint","German","","","2023-10-01 10:02:06.313000","246","False","False","0.02"
"1","1","Crystal Grotto","woe","Near Mint","German","","","2023-10-25 10:26:22.653000","254","False","False","0.11"
"1","1","Crystal Quarry","dmc","Near Mint","German","","","2023-10-01 10:02:06.313000","206","False","False","1.40"
"1","1","Culling Ritual","stx","Near Mint","German","","","2023-10-01 10:02:06.313000","172","False","False","3.36"
"1","1","Cult Conscript","dmu","Near Mint","German","","","2023-10-01 10:02:06.313000","88","False","False","0.13"
"1","1","Cult Conscript","dmu","Near Mint","German","","","2023-10-01 10:02:06.313000","88","False","False","0.14"
"1","1","Cultivate","sta","Near Mint","German","","","2023-10-01 10:02:06.313000","51","False","False","0.17"
"1","1","Cultivate","lcc","Near Mint","English","","","2023-12-24 22:35:19.740000","235","False","False",""
"1","1","Cultivate","dmc","Near Mint","German","","","2023-10-01 10:02:06.313000","130","False","False","0.24"
"1","1","Cultivator of Blades","khc","Near Mint","German","","","2023-10-01 10:02:06.313000","55","False","False","0.05"
"1","1","Cultivator of Blades","kld","Near Mint","German","","","2023-10-01 10:02:06.313000","151","False","False","0.22"
"1","1","Cunning Survivor","hou","Near Mint","German","","","2023-10-01 10:02:06.313000","33","False","False","0.02"
"1","1","Curio Vendor","kld","Near Mint","German","","","2023-10-01 10:02:06.313000","42","False","False","0.05"
"1","1","Curious Altisaur","lcc","Near Mint","English","","","2023-12-24 22:35:19.740000","90","False","False",""
"2","2","Curse of Hospitality","vow","Near Mint","German","","","2023-10-01 10:02:06.313000","152","False","False","0.28"
"1","1","Curse of Shaken Faith","mid","Near Mint","English","","","2023-10-01 10:02:06.313000","134","False","False","0.16"
"1","1","Curse of the Swine","khc","Near Mint","German","","","2023-10-01 10:02:06.313000","37","False","False","0.15"
"1","1","Curse of the Swine","lcc","Near Mint","English","","","2023-12-24 22:38:06.913000","150","False","False",""
"1","1","Curse of the Werefox","woe","Near Mint","English","","","2023-10-01 10:05:48.427000","167","False","False","0.06"
"1","1","Cursed Courtier","woe","Near Mint","English","","","2023-10-01 10:05:48.427000","9","False","False","0.05"
"1","1","Custodi Soulbinders","cm2","Near Mint","German","","","2023-10-01 10:02:06.313000","23","False","False","0.10"
"1","1","Custodi Squire","voc","Near Mint","German","","","2023-10-01 10:02:06.313000","83","False","False","0.18"
"1","1","Cut Your Losses","psnc","Near Mint","German","","","2023-10-01 10:02:06.313000","38p","False","False","0.10"
"1","1","Cyclone Summoner","khm","Near Mint","German","foil","","2023-10-01 10:02:06.313000","52","False","False","0.24"
"1","1","Cyclops Electromancer","war","Near Mint","German","","","2023-10-01 10:02:06.313000","122","False","False","0.02"
"1","1","Dagger Caster","rna","Near Mint","German","","","2023-10-01 10:02:06.313000","97","False","False","0.03"
"1","1","Damn","lcc","Near Mint","English","","","2023-12-24 22:40:47.713000","191","False","False",""
"1","1","Damnable Pact","voc","Near Mint","German","","","2023-10-01 10:02:06.313000","126","False","False","0.05"
"1","1","Damping Sphere","dmr","Near Mint","German","","","2023-10-01 10:02:06.313000","219","False","False","0.29"
"1","1","Damping Sphere","dmr","Near Mint","German","","","2023-10-01 10:02:06.313000","377","False","False","0.83"
"1","1","Danitha, Benalia's Hope","dmu","Near Mint","German","","","2023-10-01 10:02:06.313000","287","False","False","0.20"
"1","1","Danitha, Benalia's Hope","dmu","Near Mint","German","foil","","2023-10-01 10:02:06.313000","287","False","False","0.80"
"2","2","Dapper Shieldmate","snc","Near Mint","German","","","2023-10-01 10:02:06.313000","9","False","False","0.02"
"3","3","Daredevil Dragster","aer","Near Mint","German","","","2023-10-01 10:02:06.313000","149","False","False","0.15"
"2","2","Daring Demolition","aer","Near Mint","German","","","2023-10-01 10:02:06.313000","55","False","False","0.02"
"1","1","Daring Discovery","lci","Near Mint","English","foil","","2024-01-13 22:15:22.680000","142","False","False","0.10"
"1","1","Daring Saboteur","cmr","Near Mint","German","","","2023-10-01 10:02:06.313000","64","False","False","0.02"
"1","1","Daring Saboteur","lcc","Near Mint","English","","","2023-12-24 22:14:40.263000","151","False","False",""
"1","1","Dark Depths","csp","Near Mint","English","","","2023-10-01 10:02:06.313000","145","False","False","9.25"
"1","1","Dark Impostor","voc","Near Mint","German","","","2023-10-01 10:02:06.313000","127","False","False","0.05"
"1","1","Dark Tutelage","wot","Near Mint","German","","","2023-10-25 10:26:22.653000","28","False","False","0.06"
"1","1","Dark Withering","dmr","Near Mint","German","","","2023-10-01 10:02:06.313000","79","False","False","0.09"
"1","1","Darkbore Pathway // Slitherbore Pathway","khm","Near Mint","German","","","2023-10-01 10:02:06.313000","254","False","False","7.45"
"2","2","Darkmoss Bridge","mh2","Near Mint","German","","","2023-10-01 10:02:06.313000","245","False","False","0.09"
"1","1","Darksteel Mutation","voc","Near Mint","German","","","2023-10-01 10:02:06.313000","84","False","False","0.73"
"1","1","Dauntless Aven","hou","Near Mint","German","","","2023-10-01 10:02:06.313000","7","False","False","0.02"
"4","4","Dauntless Survivor","znr","Near Mint","German","","","2023-10-01 10:02:06.313000","184","False","False","0.06"
"1","1","Dauthi Voidwalker","mh2","Near Mint","German","","","2023-10-01 10:02:06.313000","81","False","False","7.27"
"1","1","Davriel's Shadowfugue","war","Near Mint","German","","","2023-10-01 10:02:06.313000","84","False","False","0.03"
"1","1","Dawnbringer Cleric","afr","Near Mint","German","","","2023-10-01 10:02:06.313000","9","False","False","0.07"
"4","4","Dawnfeather Eagle","aer","Near Mint","German","","","2023-10-01 10:02:06.313000","14","False","False","0.15"
"1","1","Dawnhart Disciple","vow","Near Mint","German","","","2023-10-01 10:02:06.313000","196","False","False","0.12"
"2","2","Dawnhart Mentor","mid","Near Mint","German","","","2023-10-01 10:02:06.313000","300","False","False","0.04"
"1","1","Dawnhart Rejuvenator","mid","Near Mint","German","","","2023-10-01 10:02:06.313000","180","False","False","0.14"
"1","1","Day of Destiny","dmc","Near Mint","German","","","2023-10-01 10:02:06.313000","99","False","False","0.81"
"1","1","Day of the Dragons","khc","Near Mint","German","","","2023-10-01 10:02:06.313000","38","False","False","0.14"
"1","1","Daybreak Chaplain","m20","Near Mint","German","","","2023-10-01 10:02:06.313000","12","False","False","0.10"
"1","1","Daybreak Combatants","vow","Near Mint","German","","","2023-10-01 10:02:06.313000","153","False","False","0.02"
