QUANTITY,"NAME",SETCODE,"SETNAME","COLLECTOR NUMBER",FINISH,PRICE,RARITY,ID,ACQUIRED DATE,ACQUIRED PRICE,LANG,PRICE SALE,SIGNING,ALTERATION,CONDITION,NOTES,TAGS
1,"Conscripted Infantry",bro,"The Brothers' War",129,nonfoil,€0.04,common,f50b0449-8ff7-4549-893b-aeca93720c64,2023-04-11T13:49:14.808Z
1,"Corpse Appraiser",snc,"Streets of New Capenna",178,nonfoil,€0.08,uncommon,e0f254bb-ec77-4147-ab9c-559bc7fba8cd,2022-09-15T09:58:08.858Z
1,"Elderfang Ritualist",khm,"Kaldheim",385,nonfoil,€0.13,uncommon,57348f93-8764-4b1a-b02e-4e7881337fa2,2022-09-15T09:58:08.856Z
1,"Kayla's Command",bro,"The Brothers' War",9,nonfoil,€0.18,rare,0737dbec-1646-41a0-adbf-706c9bd4fc7a,2023-04-11T13:49:14.808Z
1,"Errant, Street Artist",snc,"Streets of New Capenna",41,nonfoil,€0.27,rare,61d23407-9fe0-4cbf-b4b5-bc1e132c36e4,2022-09-15T09:58:08.859Z
1,"Colossal Skyturtle",neo,"Kamigawa: Neon Dynasty",216,nonfoil,€0.27,uncommon,f40bd797-4d12-4098-a1a8-d7e5b7b82ac9,2022-09-15T09:58:08.858Z
1,"Bronze Cudgels",neo,"Kamigawa: Neon Dynasty",240,nonfoil,€0.02,uncommon,45fa226c-cc31-4c22-a167-40985706557b,2022-09-15T09:58:08.857Z
1,"Bronze Cudgels",neo,"Kamigawa: Neon Dynasty",240,nonfoil,€0.02,uncommon,45fa226c-cc31-4c22-a167-40985706557b,2022-09-15T09:58:08.857Z
4,"Merfolk Mistbinder",rix,"Rivals of Ixalan",164,nonfoil,€0.26,uncommon,2935b829-23fb-415e-90f2-2e0016b5cde9,2022-09-15T09:58:08.860Z
1,"Sinister Waltz",voc,"Crimson Vow Commander",30,nonfoil,€0.29,rare,e44f81b2-768f-4874-99e3-2f87b73b0159,2022-09-15T09:58:08.856Z
1,"Falkenrath Gorger",voc,"Crimson Vow Commander",146,nonfoil,€0.19,rare,6d653a1d-d355-464e-82aa-92028296b7ef,2022-09-15T09:58:08.856Z
1,"Dark Depths",csp,"Coldsnap",145,nonfoil,€7.31,rare,92409c3a-fb1a-4205-9fe1-0f5affc7b21d,2022-09-15T09:58:08.858Z
1,"Obelisk of Urd",znc,"Zendikar Rising Commander",115,nonfoil,€1.72,rare,c610beb6-6fd5-4230-ae74-240a005d5c8c,2022-09-15T09:58:08.855Z
2,"Tori D'Avenant, Fury Rider",dmu,"Dominaria United",322,nonfoil,€0.10,uncommon,676bc62e-f685-45cb-bcdd-d8adbe9c4ccb,2022-09-15T09:58:08.863Z
1,"Tori D'Avenant, Fury Rider",dmu,"Dominaria United",322,foil,€0.09,uncommon,676bc62e-f685-45cb-bcdd-d8adbe9c4ccb,2022-10-16T18:58:52.836Z
1,"Tori D'Avenant, Fury Rider",dmu,"Dominaria United",223,nonfoil,€0.07,uncommon,9c873c5b-61f6-49b9-8993-2d5e9823de62,2022-10-11T11:30:03.944Z
1,"Blur",clb,"Commander Legends: Battle for Baldur's Gate",58,nonfoil,€0.13,common,77a43413-3ab0-4ef6-83de-192a11d48f00,2022-09-15T09:58:08.857Z
1,"Vanquisher's Axe",dmu,"Dominaria United",240,nonfoil,€0.05,common,aef37244-deb9-464e-ab8c-4308369ae09b,2022-10-11T11:30:03.944Z
1,"Vanquisher's Axe",dmu,"Dominaria United",240,foil,€0.09,common,aef37244-deb9-464e-ab8c-4308369ae09b,2022-10-11T11:30:03.944Z
1,"Vanquisher's Axe",dmu,"Dominaria United",240,nonfoil,€0.05,common,aef37244-deb9-464e-ab8c-4308369ae09b,2022-10-11T11:30:03.944Z
1,"Kitesail Skirmisher",cmr,"Commander Legends",77,nonfoil,€0.07,common,fcd356b3-29a9-4526-93a0-33375f65744b,2022-09-15T09:58:08.860Z
1,"Skilled Animator",cmr,"Commander Legends",98,nonfoil,€0.10,uncommon,bc396c69-9773-4d57-a955-280742a10a91,2022-09-15T09:58:08.862Z
1,"Moonsnare Specialist",neo,"Kamigawa: Neon Dynasty",70,nonfoil,€0.07,common,1e8b209f-f577-45cc-9d18-03c1d67d391e,2022-09-15T09:58:08.861Z
1,"Moonsnare Specialist",neo,"Kamigawa: Neon Dynasty",70,nonfoil,€0.07,common,1e8b209f-f577-45cc-9d18-03c1d67d391e,2022-09-15T09:58:08.861Z
2,"Moonsnare Specialist",neo,"Kamigawa: Neon Dynasty",70,nonfoil,€0.07,common,1e8b209f-f577-45cc-9d18-03c1d67d391e,2022-09-15T09:58:08.861Z
4,"Moonsnare Specialist",neo,"Kamigawa: Neon Dynasty",70,nonfoil,€0.07,common,1e8b209f-f577-45cc-9d18-03c1d67d391e,2022-09-15T09:58:08.861Z
1,"Moonsnare Specialist",neo,"Kamigawa: Neon Dynasty",335,nonfoil,€0.11,common,f5e2fdd4-b953-4e9a-b511-52199a34214e,2022-09-15T09:58:08.861Z
1,"Moonsnare Specialist",neo,"Kamigawa: Neon Dynasty",335,nonfoil,€0.11,common,f5e2fdd4-b953-4e9a-b511-52199a34214e,2022-09-15T09:58:08.861Z
1,"Spectral Lynx",dmr,"Dominaria Remastered",28,nonfoil,€0.09,uncommon,1fa545eb-aa45-4085-8472-676f5d5e1c48,2023-04-11T13:49:14.808Z
1,"Falkenrath Noble",voc,"Crimson Vow Commander",128,nonfoil,€0.32,uncommon,89420882-5833-46f0-9a3f-3c8e694074df,2022-09-15T09:58:08.856Z
1,"Canopy Vista",dmc,"Dominaria United Commander",201,nonfoil,€0.22,rare,db4f2c8c-1c92-4a01-87a8-b774da76189f,2022-10-17T13:22:46.436Z
1,"Canopy Vista",c20,"Commander 2020",261,nonfoil,€0.46,rare,d625f96a-6d61-4fe8-8fe3-6205c86b6846,2022-09-15T09:58:08.857Z
1,"Roaring Earth",neo,"Kamigawa: Neon Dynasty",204,nonfoil,€0.15,uncommon,8cbdd88e-c532-4fc0-a1fe-8aa0c26d1092,2022-09-15T09:58:08.862Z
1,"Roaring Earth",neo,"Kamigawa: Neon Dynasty",204,nonfoil,€0.15,uncommon,8cbdd88e-c532-4fc0-a1fe-8aa0c26d1092,2022-09-15T09:58:08.862Z
3,"Benalish Faithbonder",dmu,"Dominaria United",7,nonfoil,€0.03,common,084d77df-a899-406f-9d79-e3fa3abeaebc,2022-09-15T09:58:08.857Z
1,"Myriad Landscape",voc,"Crimson Vow Commander",176,nonfoil,€0.18,uncommon,87459013-c5b6-40b7-bcb7-c508c3ee36ee,2022-09-15T09:58:08.856Z
1,"Myriad Landscape",voc,"Crimson Vow Commander",176,nonfoil,€0.18,uncommon,87459013-c5b6-40b7-bcb7-c508c3ee36ee,2022-09-15T09:58:08.856Z
1,"Myriad Landscape",khc,"Kaldheim Commander",115,nonfoil,€0.21,uncommon,4544593c-c155-436f-a74b-eea3e854ad1d,2022-09-15T09:58:08.855Z
1,"Myriad Landscape",khc,"Kaldheim Commander",115,nonfoil,€0.21,uncommon,4544593c-c155-436f-a74b-eea3e854ad1d,2022-09-15T09:58:08.856Z
1,"Myriad Landscape",znc,"Zendikar Rising Commander",135,nonfoil,€0.21,uncommon,99d861db-bb12-4fa8-9122-167e7e7898ec,2022-09-15T09:58:08.855Z
1,"Myriad Landscape",znc,"Zendikar Rising Commander",135,nonfoil,€0.21,uncommon,99d861db-bb12-4fa8-9122-167e7e7898ec,2022-09-15T09:58:08.855Z
1,"Grisly Ritual",vow,"Innistrad: Crimson Vow",116,nonfoil,€0.07,common,53cdf2ab-3acd-49bd-8273-84c1cfc92883,2022-09-15T09:58:08.859Z
1,"Empyrean Eagle",khc,"Kaldheim Commander",85,nonfoil,€0.23,uncommon,a2a0f40e-12de-4ee8-8b1e-6989dbfa9a4d,2022-09-15T09:58:08.855Z
1,"Spell Pierce",neo,"Kamigawa: Neon Dynasty",80,nonfoil,€0.17,common,beb42273-935b-4bda-849e-c163606cf89e,2022-09-15T09:58:08.862Z
1,"Spell Pierce",neo,"Kamigawa: Neon Dynasty",80,nonfoil,€0.17,common,beb42273-935b-4bda-849e-c163606cf89e,2022-09-15T09:58:08.862Z
2,"Spell Pierce",xln,"Ixalan",81,nonfoil,€0.17,common,6bf4dfc0-c58b-4535-b660-54ceaa6e0217,2022-09-15T09:58:08.862Z
1,"Extract the Truth",snc,"Streets of New Capenna",78,nonfoil,€0.13,common,2bdb9df1-4475-45e7-bc9c-40937c8c1722,2022-09-15T09:58:08.859Z
1,"Moraug, Fury of Akoum",znr,"Zendikar Rising",150,nonfoil,€7.04,mythic,cc5eacd7-aaa7-4720-9794-52e7b098c82c,2022-09-15T09:58:08.861Z
2,"Run Aground",xln,"Ixalan",72,nonfoil,€0.03,common,9ed573c6-2b95-4052-8b43-106cbaacb721,2022-09-15T09:58:08.862Z
2,"Soul of Migration",mh2,"Modern Horizons 2",33,nonfoil,€0.10,common,4541217f-5e86-491b-918b-ed7a2eb3e4eb,2022-09-15T09:58:08.862Z
1,"Soul of Migration",mh2,"Modern Horizons 2",33,nonfoil,€0.10,common,4541217f-5e86-491b-918b-ed7a2eb3e4eb,2022-09-15T09:58:08.862Z
1,"Strength of the Coalition",dmu,"Dominaria United",180,nonfoil,€0.06,uncommon,8418c504-24fe-470f-8102-dcad68ba1520,2022-10-11T11:30:03.944Z
1,"Momentary Blink",khc,"Kaldheim Commander",30,nonfoil,€0.12,common,ee164002-0416-4232-9484-2e15d8afd6d4,2022-09-15T09:58:08.855Z
2,"Lathnu Sailback",aer,"Aether Revolt",89,nonfoil,€0.03,common,33998799-f31b-4522-93b2-0c34c570ebf7,2022-09-15T09:58:08.860Z
1,"Plains",mid,"Innistrad: Midnight Hunt",269,foil,€0.44,common,5acefadb-8b2f-4319-a5e9-1e8fd9ef3086,2022-09-15T09:58:08.855Z
3,"Plains",mid,"Innistrad: Midnight Hunt",268,nonfoil,€0.22,common,6ed1902d-0b09-4bbe-9059-a0779450ee05,2022-09-15T09:58:08.855Z
1,"Plains",dmu,"Dominaria United",277,nonfoil,€1.25,common,572eab93-7b1d-434b-ba92-844248e472d0,2022-10-11T11:30:03.944Z
1,"Plains",vow,"Innistrad: Crimson Vow",269,nonfoil,€0.20,common,2b069f97-735a-4d85-8504-b5a863bd659b,2022-09-15T09:58:08.855Z
8,"Plains",dmu,"Dominaria United",262,nonfoil,€0.05,common,5822b027-369d-46da-b6dd-c31207e2f449,2022-10-17T12:37:41.413Z
1,"Plains",vow,"Innistrad: Crimson Vow",268,nonfoil,€0.22,common,deabdaa1-6227-48e4-82d5-63a1771320b2,2022-09-15T09:58:08.855Z
1,"Jalum Tome",dmr,"Dominaria Remastered",226,nonfoil,€0.07,common,3d2db45f-4cdb-4b7f-a270-44b2b1482f69,2023-04-11T13:49:14.808Z
2,"Vorstclaw",m20,"Core Set 2020",201,nonfoil,€0.04,common,79719ed0-468d-4946-8dfc-fb7e2b2e305e,2022-09-15T09:58:08.864Z
1,"Reduce to Memory",stx,"Strixhaven: School of Mages",25,nonfoil,€0.13,uncommon,7bfc408e-34d6-4e94-8678-4cc229cbc6f5,2022-09-15T09:58:08.861Z
1,"Azorius Guildgate",khc,"Kaldheim Commander",107,nonfoil,€0.21,common,569b53fb-8776-4301-9ed6-f7eabb08cebf,2022-09-15T09:58:08.855Z
5,"Azorius Guildgate",rna,"Ravnica Allegiance",244,nonfoil,€0.07,common,e52013ba-9b17-497b-a844-1e7eb5607019,2022-09-15T09:58:08.857Z
1,"Seer's Sundial",znc,"Zendikar Rising Commander",119,nonfoil,€0.15,rare,814e5257-464e-4451-8bee-780d80d8dec5,2022-09-15T09:58:08.855Z
1,"Behold the Multiverse",khm,"Kaldheim",46,nonfoil,€0.15,common,27855a38-a682-4f97-ad22-ac625e86faec,2022-09-15T09:58:08.855Z
2,"Behold the Multiverse",khm,"Kaldheim",46,nonfoil,€0.15,common,27855a38-a682-4f97-ad22-ac625e86faec,2022-09-15T09:58:08.855Z
1,"Yavimaya Sojourner",dmu,"Dominaria United",191,nonfoil,€0.03,common,c7fdb424-4d2c-437e-b2a2-8bc56c028338,2022-10-11T11:30:03.944Z
1,"Yavimaya Sojourner",dmu,"Dominaria United",191,nonfoil,€0.03,common,c7fdb424-4d2c-437e-b2a2-8bc56c028338,2022-10-11T11:30:03.944Z
1,"Merfolk Sovereign",m10,"Magic 2010",62,nonfoil,€0.64,rare,b9826a2e-361e-4701-9177-0907c0c6dc9f,2022-09-15T09:58:08.860Z
4,"Concordia Pegasus",rna,"Ravnica Allegiance",7,nonfoil,€0.07,common,8a7fdf7b-022c-4900-9344-9b13d41c1604,2022-09-15T09:58:08.858Z
1,"Introduction to Prophecy",stx,"Strixhaven: School of Mages",4,nonfoil,€0.09,common,7820923e-bad2-4d6a-92b3-97b9737d2ca9,2022-09-15T09:58:08.860Z
1,"Street Wraith",dmr,"Dominaria Remastered",102,nonfoil,€0.17,common,5d09cc57-2275-4b6b-aaf6-a6d781cd9365,2023-04-11T13:49:14.808Z
1,"Verrak, Warped Sengir",dmc,"Dominaria United Commander",16,nonfoil,€0.46,rare,8ca7f49a-ab5a-49de-b07b-96c803daaf7d,2022-10-17T12:37:41.439Z
1,"Voice of Many",khc,"Kaldheim Commander",77,nonfoil,€0.13,uncommon,fccfa714-7fa0-4846-88c9-570f13683aa4,2022-09-15T09:58:08.856Z
1,"Storm of Souls",voc,"Crimson Vow Commander",9,nonfoil,€0.73,rare,30cb1c3f-19d4-47d3-960e-f2de828e6feb,2022-09-15T09:58:08.856Z
2,"Hallowed Respite",mid,"Innistrad: Midnight Hunt",227,nonfoil,€0.13,rare,f2877523-6321-47e6-8be4-755ec21676c6,2022-09-15T09:58:08.859Z
2,"Herd Baloth",mh2,"Modern Horizons 2",165,nonfoil,€0.11,uncommon,c1e9cef5-c55f-47d9-9d2f-300dab8fcb0b,2022-09-15T09:58:08.859Z
1,"River Hoopoe",hou,"Hour of Devastation",143,nonfoil,€0.09,uncommon,585ec4c2-aae2-403e-af32-3324122c472a,2022-09-15T09:58:08.862Z
1,"Carrion Screecher",hou,"Hour of Devastation",61,nonfoil,€0.04,common,57b9e3a3-8d01-4273-9658-9ffcbc2d2297,2022-09-15T09:58:08.857Z
1,"Mobilized District",dmc,"Dominaria United Commander",218,nonfoil,€0.10,rare,cf58d89a-03f9-46f0-8ce3-4dd9e97c292f,2022-10-17T12:37:41.399Z
1,"Furious Bellow",dmu,"Dominaria United",126,nonfoil,€0.03,common,63d05659-bfff-4b73-80f7-a9f31a7ef957,2022-10-11T11:30:03.944Z
1,"Furious Bellow",dmu,"Dominaria United",126,foil,€0.08,common,63d05659-bfff-4b73-80f7-a9f31a7ef957,2022-09-15T09:58:08.859Z
1,"Furious Bellow",dmu,"Dominaria United",126,nonfoil,€0.03,common,63d05659-bfff-4b73-80f7-a9f31a7ef957,2022-10-11T11:30:03.944Z
1,"Furious Bellow",dmu,"Dominaria United",126,nonfoil,€0.03,common,63d05659-bfff-4b73-80f7-a9f31a7ef957,2022-10-11T11:30:03.944Z
1,"Price of Fame",znc,"Zendikar Rising Commander",52,nonfoil,€0.17,uncommon,26125983-e007-4a73-999d-fb2617a80261,2022-09-15T09:58:08.855Z
1,"Thrill of Possibility",dmc,"Dominaria United Commander",127,nonfoil,€0.11,common,9752ed44-dc5e-4f73-9422-c1d267b60a3c,2022-10-17T12:37:41.434Z
3,"Thrill of Possibility",dmu,"Dominaria United",148,nonfoil,€0.05,common,25e5dc88-9573-4eaa-bd37-eb0dee4add03,2022-09-15T09:58:08.863Z
2,"Kindled Fury",hou,"Hour of Devastation",101,nonfoil,€0.05,common,cffb2c38-76b0-4d5f-a4d1-e2494f4be192,2022-09-15T09:58:08.860Z
1,"Weave Fate",ktk,"Khans of Tarkir",61,nonfoil,€0.03,common,a4a1f9c1-25a3-465f-b3d8-98f0867c9bb6,2022-09-15T09:58:08.864Z
1,"Rakdos Signet",voc,"Crimson Vow Commander",166,nonfoil,€0.82,uncommon,7a2af4c1-9546-4760-8aac-315b61127304,2022-09-15T09:58:08.856Z
1,"Ashling the Pilgrim",dmc,"Dominaria United Commander",119,nonfoil,€0.31,rare,b60633ed-6428-4672-9497-9a17f823b981,2022-10-17T12:37:41.353Z
1,"Banishing Slash",neo,"Kamigawa: Neon Dynasty",3,nonfoil,€0.09,uncommon,e4b8946b-6604-49ca-98db-18a540b1b4e5,2022-09-15T09:58:08.857Z
2,"Banishing Slash",neo,"Kamigawa: Neon Dynasty",3,nonfoil,€0.09,uncommon,e4b8946b-6604-49ca-98db-18a540b1b4e5,2022-09-15T09:58:08.857Z
1,"Tilonalli's Knight",xln,"Ixalan",169,nonfoil,€0.02,common,b25c2f33-1707-4ff3-a22e-58f51936b733,2022-09-15T09:58:08.863Z
1,"Defiant Salvager",cmr,"Commander Legends",117,nonfoil,€0.06,common,cfd1c30e-e539-4382-b0fd-724a502a4b7e,2022-09-15T09:58:08.858Z
1,"Defiant Salvager",aer,"Aether Revolt",56,nonfoil,€0.08,common,0afbfb2c-3f1a-4ef9-9f61-6ca51af853d8,2022-09-15T09:58:08.858Z
1,"Lawmage's Binding",jmp,"Jumpstart",453,nonfoil,€0.12,common,c64771e8-94bb-452b-b028-619ed3b4327c,2022-09-15T09:58:08.860Z
1,"Leyline Binding",dmu,"Dominaria United",24,nonfoil,€13.72,rare,3c3ac3dd-35db-447f-8674-37b4680a1ef7,2022-10-11T11:30:03.944Z
1,"Patchwork Automaton",neo,"Kamigawa: Neon Dynasty",254,nonfoil,€1.44,uncommon,7a4e1580-dd26-4f4b-ac98-3e6fa7b879d5,2022-09-15T09:58:08.861Z
1,"Patchwork Automaton",neo,"Kamigawa: Neon Dynasty",254,nonfoil,€1.44,uncommon,7a4e1580-dd26-4f4b-ac98-3e6fa7b879d5,2022-09-15T09:58:08.861Z
1,"Elvish Promenade",khc,"Kaldheim Commander",59,nonfoil,€0.91,uncommon,20602cb8-f925-4de0-ad4b-86d0f5514384,2022-09-15T09:58:08.856Z
1,"Light the Way",neo,"Kamigawa: Neon Dynasty",24,foil,€0.21,common,3a2fd960-c4ec-4dfa-a61d-f8577b9d3519,2022-09-15T09:58:08.860Z
1,"Light the Way",neo,"Kamigawa: Neon Dynasty",24,nonfoil,€0.10,common,3a2fd960-c4ec-4dfa-a61d-f8577b9d3519,2022-09-15T09:58:08.860Z
2,"Light the Way",neo,"Kamigawa: Neon Dynasty",24,nonfoil,€0.10,common,3a2fd960-c4ec-4dfa-a61d-f8577b9d3519,2022-09-15T09:58:08.860Z
1,"Scrounging Bandar",aer,"Aether Revolt",124,nonfoil,€0.09,common,761a11a7-175d-440d-b09d-918572c8e5d3,2022-09-15T09:58:08.862Z
1,"Scrounging Bandar",cmr,"Commander Legends",252,nonfoil,€0.07,common,02c8aab5-ed0d-489d-87af-7eb3193b75db,2022-09-15T09:58:08.862Z
1,"Mist Raven",khc,"Kaldheim Commander",41,nonfoil,€0.20,common,8f868751-dd1a-4beb-b3cc-c4a88980299b,2022-09-15T09:58:08.855Z
1,"Jace, Ingenious Mind-Mage",xln,"Ixalan",280,foil,€2.18,mythic,e3b274f6-833f-430f-ac1a-d1d1d5b03e71,2022-09-15T09:58:08.860Z
1,"Anowon, the Ruin Sage",voc,"Crimson Vow Commander",118,nonfoil,€0.65,rare,b8630ae1-8fe9-4d6e-899b-a28d86d4d729,2022-09-15T09:58:08.856Z
1,"Radiant's Judgment",dmr,"Dominaria Remastered",21,nonfoil,€0.10,common,5abbdd37-dc24-4bf7-808e-6354af7d7ec6,2023-04-11T13:49:14.808Z
2,"Cloakwood Swarmkeeper",clb,"Commander Legends: Battle for Baldur's Gate",222,nonfoil,€0.11,common,b6918a85-1a10-4a73-917c-23bd0a877a04,2022-09-15T09:58:08.858Z
2,"Tura Kennerüd, Skyknight",dmu,"Dominaria United",323,nonfoil,€0.02,uncommon,d710ba7b-b0c9-4372-8f6e-1938bd114ac4,2022-10-11T11:30:03.944Z
1,"Spectral Searchlight",cmr,"Commander Legends",342,nonfoil,€0.13,common,0a7dd6c9-628b-4dde-a385-604501dd0979,2022-09-15T09:58:08.862Z
1,"Foreboding Ruins",dmc,"Dominaria United Commander",211,nonfoil,€0.26,rare,be7a14d1-5846-492e-a41a-d5c2045c3cc7,2022-10-17T12:37:41.380Z
1,"Foreboding Ruins",voc,"Crimson Vow Commander",174,nonfoil,€0.38,rare,a94ac59a-4348-45e9-b158-039fb4bf6867,2022-09-15T09:58:08.856Z
1,"Etali, Primal Storm",dmc,"Dominaria United Commander",121,nonfoil,€0.23,rare,a03fb3a7-3ef6-4162-aad2-82610492aa72,2022-10-17T12:37:41.376Z
1,"Ashaya, Soul of the Wild",znr,"Zendikar Rising",179,nonfoil,€8.58,mythic,74943390-d25f-47cb-90bb-cbf70c87f4a2,2022-09-15T09:58:08.857Z
1,"Shanid, Sleepers' Scourge",dmc,"Dominaria United Commander",4,foil,€1.38,mythic,1b0fb859-055d-4aa1-814c-0894cd2ccd4a,2022-10-17T12:37:41.417Z
1,"Energy Refractor",bro,"The Brothers' War",234,nonfoil,€0.14,common,cc2a81fb-5045-4b7b-8cfb-b90c4f4a1f51,2023-04-11T13:49:14.808Z
1,"Murmuring Bosk",dmc,"Dominaria United Commander",220,nonfoil,€0.51,rare,5aca73a9-e90d-48c6-bdd9-9a3f4f552de3,2022-10-17T13:22:46.483Z
1,"Diamond Lion",mh2,"Modern Horizons 2",225,nonfoil,€0.23,rare,317a8ed5-1ec2-4a5d-a606-8c6ba781c8a3,2022-09-15T09:58:08.858Z
1,"Cobbled Wings",xln,"Ixalan",233,nonfoil,€0.02,common,3b2ff4f0-0dd1-4551-826b-68e8ff1e5860,2022-09-15T09:58:08.858Z
1,"Mortify",dmc,"Dominaria United Commander",161,nonfoil,€0.19,uncommon,ff33c675-04cb-429d-8568-57487edee25e,2022-10-17T12:37:41.401Z
1,"Fodder Tosser",mh2,"Modern Horizons 2",226,foil,€0.13,common,fd401525-b874-4af2-99a3-c2c83e22547e,2022-09-15T09:58:08.859Z
2,"Fodder Tosser",mh2,"Modern Horizons 2",226,nonfoil,€0.09,common,fd401525-b874-4af2-99a3-c2c83e22547e,2022-09-15T09:58:08.859Z
1,"Chaotic Transformation",dmu,"Dominaria United",117,nonfoil,€0.14,rare,bdfb44f1-e366-437a-bde3-59bfdb362864,2022-10-11T11:30:03.944Z
2,"Scrounger of Souls",hou,"Hour of Devastation",76,nonfoil,€0.03,common,3d66f3c4-5a11-4e28-a4ae-673b3b36d3ec,2022-09-15T09:58:08.862Z
1,"Jungle Hollow",ktk,"Khans of Tarkir",235,nonfoil,€0.09,common,fea27aa7-7fcf-4198-b03a-5034a03ba81f,2022-09-15T09:58:08.860Z
1,"Jungle Hollow",neo,"Kamigawa: Neon Dynasty",269,foil,€0.15,common,deadca61-0be9-4eeb-ba12-bc73a49bae74,2022-09-15T09:58:08.860Z
1,"Jungle Hollow",neo,"Kamigawa: Neon Dynasty",269,nonfoil,€0.11,common,deadca61-0be9-4eeb-ba12-bc73a49bae74,2022-09-15T09:58:08.860Z
1,"Jungle Hollow",khc,"Kaldheim Commander",113,nonfoil,€0.05,common,ae7d3dbc-a3b9-459f-9337-67f9d9b7b563,2022-09-15T09:58:08.856Z
1,"Contaminated Aquifer",dmu,"Dominaria United",245,nonfoil,€0.42,common,6bb570f4-de68-4d8c-a9f3-8a3294163aa8,2022-09-15T09:58:08.858Z
1,"Vampire Socialite",mid,"Innistrad: Midnight Hunt",249,nonfoil,€0.17,uncommon,f07cbf04-2864-4407-800e-4d55c10d3426,2022-09-15T09:58:08.864Z
1,"Draconic Lore",clb,"Commander Legends: Battle for Baldur's Gate",64,nonfoil,€0.12,common,557f2aa6-0b82-4f60-9617-610b613c2a48,2022-09-15T09:58:08.858Z
1,"Eager First-Year",stx,"Strixhaven: School of Mages",16,nonfoil,€0.02,common,7a83543b-3b6f-4e28-96f9-007b814bcfd6,2022-09-15T09:58:08.858Z
4,"Wildwood Tracker",eld,"Throne of Eldraine",183,nonfoil,€0.02,common,3538eba1-475a-4388-8a72-55ab7cd1027e,2022-09-15T09:58:08.855Z
1,"Excavation Explosion",bro,"The Brothers' War",132,nonfoil,€0.03,common,a169612e-f5de-4653-bc31-9ede8c5bdc75,2023-04-11T13:49:14.808Z
1,"Combat Courier",bro,"The Brothers' War",77,nonfoil,€0.07,common,171edf80-ffc1-4894-9be5-c3e93a96f734,2023-04-11T13:49:14.808Z
1,"Imposing Grandeur",voc,"Crimson Vow Commander",24,nonfoil,€0.49,rare,8d236055-d524-4312-9c6f-eddb34703e3e,2022-09-15T09:58:08.856Z
1,"Acrobatic Maneuver",kld,"Kaladesh",1,nonfoil,€0.19,common,74f92174-f38f-4623-a5f7-f5be7f7dcc9d,2022-09-15T09:58:08.856Z
1,"Eyeblight Cullers",khc,"Kaldheim Commander",48,nonfoil,€0.09,common,89b47813-9b6c-4e8f-9212-fe37fb50e405,2022-09-15T09:58:08.856Z
1,"Eyeblight Cullers",cmr,"Commander Legends",124,nonfoil,€0.13,common,da777e75-6f1f-4e07-a5ec-e25454a0636c,2022-09-15T09:58:08.854Z
1,"Storm God's Oracle",mh2,"Modern Horizons 2",213,nonfoil,€0.02,common,a6d22f24-f752-4bc8-ba97-061b2c060ec8,2022-09-15T09:58:08.863Z
1,"Glinting Creeper",mh2,"Modern Horizons 2",164,nonfoil,€0.14,uncommon,1bad2438-0b98-4b07-bba9-dff26aa1fc3a,2022-09-15T09:58:08.859Z
1,"Arcbound Tracker",mh2,"Modern Horizons 2",112,nonfoil,€0.10,common,881175c4-fee5-4c39-ad25-145ef73569ce,2022-09-15T09:58:08.857Z
1,"Arcbound Tracker",mh2,"Modern Horizons 2",112,foil,€0.14,common,881175c4-fee5-4c39-ad25-145ef73569ce,2022-09-15T09:58:08.857Z
2,"Rift Sower",mh2,"Modern Horizons 2",170,nonfoil,€0.08,common,97dbd212-f1e8-429a-bf00-b2ea966d880e,2022-09-15T09:58:08.862Z
1,"Malakir Rebirth // Malakir Mire",znr,"Zendikar Rising",111,nonfoil,€3.52,uncommon,609d3ecf-f88d-4268-a8d3-4bf2bcf5df60,2022-09-15T09:58:08.855Z
1,"Renewed Faith",dmr,"Dominaria Remastered",23,nonfoil,€0.09,common,a7d66dd3-330f-4b12-81f6-52d7a31013a9,2023-04-11T13:49:14.808Z
1,"Bortuk Bonerattle",dmu,"Dominaria United",197,nonfoil,€0.05,uncommon,9a25855f-abfc-482d-a36b-088b023a7df6,2022-10-11T11:30:03.944Z
1,"Bortuk Bonerattle",dmu,"Dominaria United",197,nonfoil,€0.05,uncommon,9a25855f-abfc-482d-a36b-088b023a7df6,2022-10-11T11:30:03.944Z
2,"Bortuk Bonerattle",dmu,"Dominaria United",296,nonfoil,€0.06,uncommon,6f342de7-f179-4894-96e4-56339d32f801,2022-09-15T09:58:08.857Z
1,"Touch the Spirit Realm",neo,"Kamigawa: Neon Dynasty",40,nonfoil,€0.27,uncommon,e16ab44e-4257-4c0c-b705-8ac1e9c1d835,2022-09-15T09:58:08.863Z
1,"Touch the Spirit Realm",neo,"Kamigawa: Neon Dynasty",40,nonfoil,€0.27,uncommon,e16ab44e-4257-4c0c-b705-8ac1e9c1d835,2022-09-15T09:58:08.863Z
1,"Meria's Outrider",dmu,"Dominaria United",138,nonfoil,€0.08,common,48aa964f-99b5-4b6b-b158-42f39514c910,2022-10-11T11:30:03.944Z
1,"Meria's Outrider",dmu,"Dominaria United",138,nonfoil,€0.08,common,48aa964f-99b5-4b6b-b158-42f39514c910,2022-10-11T11:30:03.944Z
1,"Moorland Haunt",voc,"Crimson Vow Commander",175,nonfoil,€0.25,rare,74deeeaa-95e9-42c9-89e3-e317ea63e216,2022-09-15T09:58:08.856Z
1,"Path to the World Tree",dmc,"Dominaria United Commander",136,nonfoil,€0.13,uncommon,24d6c178-ee0d-4907-bf6b-12b845bceaeb,2022-10-17T13:22:46.494Z
1,"Path to the World Tree",khm,"Kaldheim",186,nonfoil,€0.08,uncommon,606da75d-382a-47a8-9739-644438594700,2022-09-15T09:58:08.861Z
2,"Nighthowler",znc,"Zendikar Rising Commander",49,nonfoil,€0.12,rare,f484c817-af85-4e03-9f31-5809cc90eb03,2022-09-15T09:58:08.855Z
1,"Deep Forest Hermit",mh1,"Modern Horizons",161,nonfoil,€1.00,rare,3287775f-7bec-4e8f-bb8d-daf5ce92e4a8,2022-11-08T10:19:41.853Z
1,"Diregraf Scavenger",vow,"Innistrad: Crimson Vow",105,nonfoil,€0.03,common,f72eb127-3f4c-42ed-8ba6-b6d83ea18545,2022-09-15T09:58:08.858Z
2,"Yorvo, Lord of Garenbrig",eld,"Throne of Eldraine",185,nonfoil,€0.31,rare,ae2998a1-1713-467e-a08e-0efd8720aa5b,2022-09-15T09:58:08.855Z
1,"Yorvo, Lord of Garenbrig",peld,"Throne of Eldraine Promos",185p,nonfoil,€0.38,rare,969c0c72-ba33-482a-978d-090db5453f14,2022-09-15T09:58:08.864Z
1,"Coiling Stalker",neo,"Kamigawa: Neon Dynasty",346,foil,€0.10,common,8297592c-3036-434a-9dbb-5f0af804dd13,2022-09-15T09:58:08.858Z
1,"Coiling Stalker",neo,"Kamigawa: Neon Dynasty",346,nonfoil,€0.03,common,8297592c-3036-434a-9dbb-5f0af804dd13,2022-09-15T09:58:08.858Z
2,"Coiling Stalker",neo,"Kamigawa: Neon Dynasty",346,nonfoil,€0.03,common,8297592c-3036-434a-9dbb-5f0af804dd13,2022-09-15T09:58:08.858Z
1,"Coiling Stalker",neo,"Kamigawa: Neon Dynasty",179,nonfoil,€0.04,common,6eba24f6-8a9c-4398-b2ab-3924b107c7b7,2022-09-15T09:58:08.858Z
1,"Coiling Stalker",neo,"Kamigawa: Neon Dynasty",179,nonfoil,€0.04,common,6eba24f6-8a9c-4398-b2ab-3924b107c7b7,2022-09-15T09:58:08.858Z
1,"Omnath, Locus of Rage",pbfz,"Battle for Zendikar Promos",217p,nonfoil,€1.73,mythic,e8b1f17d-c806-4911-a1cf-78312b8b8592,2022-09-15T09:58:08.861Z
1,"Omnath, Locus of Rage",pbfz,"Battle for Zendikar Promos",217p,nonfoil,€1.73,mythic,e8b1f17d-c806-4911-a1cf-78312b8b8592,2022-09-15T09:58:08.861Z
1,"Fall from Favor",cmr,"Commander Legends",68,nonfoil,€0.07,common,e709a18f-b99d-4fa1-ae5c-7f22abd02c0a,2022-09-15T09:58:08.854Z
2,"Wind Strider",xln,"Ixalan",88,nonfoil,€0.05,common,613a8ab1-9c5e-4b56-aa51-daeb8c1983b9,2022-09-15T09:58:08.864Z
1,"Meticulous Excavation",bro,"The Brothers' War",16,nonfoil,€0.11,uncommon,e811461a-6a90-416f-940c-c9579659ae0c,2023-04-11T13:49:14.808Z
2,"Sun-Blessed Mount",xln,"Ixalan",288,nonfoil,€0.27,rare,6f06ac1f-0bae-4aaa-9ff4-28c806828c40,2022-09-15T09:58:08.863Z
1,"Scrap Trawler",aer,"Aether Revolt",175,nonfoil,€0.47,rare,68abc75f-596f-4169-96fc-ada941ef47ed,2022-09-15T09:58:08.862Z
1,"Welcoming Vampire",vow,"Innistrad: Crimson Vow",287,nonfoil,€2.63,rare,fd60ee8d-fb50-41df-89a8-aed5a53d755f,2022-09-15T09:58:08.864Z
1,"Fabled Passage",m21,"Core Set 2021",246,nonfoil,€4.47,rare,d313d051-7295-4884-8cbf-f2f835fd45f4,2022-09-15T10:20:06.738Z
1,"Forest",neo,"Kamigawa: Neon Dynasty",301,nonfoil,€0.78,common,acc778ae-a2d0-493f-963d-e946bd7cacd9,2022-09-15T09:58:08.859Z
1,"Forest",mid,"Innistrad: Midnight Hunt",277,nonfoil,€0.20,common,122b5548-5ff5-43e4-b799-75c709b1c32d,2022-09-15T09:58:08.855Z
1,"Forest",vow,"Innistrad: Crimson Vow",277,foil,€0.37,common,e8760175-e9bb-4ef9-87ca-591d1edd5163,2022-09-15T09:58:08.859Z
1,"Forest",vow,"Innistrad: Crimson Vow",277,nonfoil,€0.12,common,e8760175-e9bb-4ef9-87ca-591d1edd5163,2022-09-15T09:58:08.859Z
1,"Forest",unh,"Unhinged",140,nonfoil,€2.81,common,19e71532-3f79-4fec-974f-b0e85c7fe701,2022-09-15T09:58:08.859Z
1,"Forest",mid,"Innistrad: Midnight Hunt",276,foil,€0.49,common,ad8ff40e-2d40-4557-8209-d2c84eb4ccf2,2022-09-15T09:58:08.859Z
1,"Forest",vow,"Innistrad: Crimson Vow",276,nonfoil,€0.13,common,e4c83b60-3d49-4fdc-a6b7-06d1a0c4a126,2022-09-15T09:58:08.855Z
1,"Forest",vow,"Innistrad: Crimson Vow",276,nonfoil,€0.13,common,e4c83b60-3d49-4fdc-a6b7-06d1a0c4a126,2022-09-15T09:58:08.859Z
3,"Forest",eld,"Throne of Eldraine",267,nonfoil,€0.09,common,daff5153-cdb8-4ed2-b17e-7ee2aa689da0,2022-10-17T13:22:46.458Z
1,"Forest",dmu,"Dominaria United",281,foil,€1.42,common,e8e9959a-b422-4906-8d35-8b05c5dd6de1,2022-09-15T09:58:08.859Z
1,"Siren's Ruse",xln,"Ixalan",80,nonfoil,€0.14,common,8f389872-d1f4-4828-a527-e820a6f2ac21,2022-09-15T09:58:08.862Z
1,"Mystic Forge",brr,"The Brothers' War Retro Artifacts",36,nonfoil,€2.93,mythic,a9a842eb-3583-4ce7-afab-e81adafd66eb,2023-04-11T13:49:14.808Z
1,"Orim's Thunder",dmr,"Dominaria Remastered",18,nonfoil,€0.04,common,5f86bba5-e203-4a86-a415-ce748f6d1f6f,2023-04-11T13:49:14.808Z
1,"Thought Collapse",rna,"Ravnica Allegiance",57,nonfoil,€0.15,common,948b569b-6341-418b-99b5-f79dfb3fe8dd,2022-09-15T09:58:08.863Z
1,"Firebrand Archer",hou,"Hour of Devastation",92,nonfoil,€0.48,common,6ddc6b73-298b-4afa-990a-63706e77dd9f,2022-09-15T09:58:08.859Z
4,"Redcap Melee",eld,"Throne of Eldraine",135,nonfoil,€0.12,uncommon,6bd1dd34-d480-4dfd-9f82-73c4e24a11fc,2022-09-15T09:58:08.855Z
1,"Phalanx Vanguard",bro,"The Brothers' War",19,nonfoil,€0.06,common,2abe2af7-deba-4569-822a-2d9309aeaadd,2023-04-11T13:49:14.808Z
1,"Zombie",tcmr,"Commander Legends Tokens",6,nonfoil,€0.00,common,9d62c8ad-af51-493c-aef1-fe7774156d4b,2022-09-15T09:58:08.855Z
1,"Zombie",tmh2,"Modern Horizons 2 Tokens",6,nonfoil,€0.00,common,3031bec1-c6dc-441f-9391-458bb1577c56,2022-09-15T09:58:08.864Z
4,"Lovestruck Beast // Heart's Desire",eld,"Throne of Eldraine",165,nonfoil,€0.15,rare,4ccdef9c-1e85-4358-8059-8972479f7556,2022-09-15T09:58:08.855Z
2,"Phyrexian Rager",dmr,"Dominaria Remastered",99,nonfoil,€0.06,common,1db97152-afd5-4190-8bf1-1276b0fcf005,2023-04-11T13:49:14.808Z
2,"Phyrexian Rager",dmu,"Dominaria United",99,nonfoil,€0.09,common,6fd574e7-705f-4a65-aad0-68ff6d63bf0f,2022-09-15T09:58:08.861Z
1,"Dark Impostor",voc,"Crimson Vow Commander",127,nonfoil,€0.21,rare,bd9384c2-1b55-4da3-91f1-db3d65e98a85,2022-09-15T09:58:08.856Z
1,"Puncturing Light",soi,"Shadows over Innistrad",35,nonfoil,€0.03,common,5b101264-4994-43b7-9156-228f7d10d2bd,2022-09-15T09:58:08.861Z
1,"Cemetery Recruitment",emn,"Eldritch Moon",83,nonfoil,€0.09,common,3a23adea-9f4a-409c-a37d-323eee781273,2022-09-15T09:58:08.857Z
1,"Boros Garrison",dmc,"Dominaria United Commander",200,nonfoil,€0.16,uncommon,d7cd5af5-67de-4d4d-b84f-5f2c95bee52e,2022-10-17T12:37:41.363Z
1,"Boros Garrison",znc,"Zendikar Rising Commander",122,nonfoil,€0.12,uncommon,9bddfae4-f928-4209-96c5-a483f9c20823,2022-09-15T09:58:08.855Z
1,"Jukai Naturalist",neo,"Kamigawa: Neon Dynasty",225,nonfoil,€0.33,uncommon,5366900b-2abf-4e5c-8507-f51aca9c7ce8,2022-09-15T09:58:08.860Z
1,"Jukai Naturalist",neo,"Kamigawa: Neon Dynasty",225,nonfoil,€0.33,uncommon,5366900b-2abf-4e5c-8507-f51aca9c7ce8,2022-09-15T09:58:08.860Z
1,"Goblin",tdmr,"Dominaria Remastered Tokens",7,nonfoil,€0.00,common,f9b8316a-ec6d-43de-a1c5-6ef3c5c53146,2023-04-11T13:49:14.808Z
1,"Surtland Elementalist",khm,"Kaldheim",375,nonfoil,€0.19,rare,1c9e7fdc-676f-4901-83ff-bfea3a96d937,2022-09-15T09:58:08.856Z
2,"Network Terminal",neo,"Kamigawa: Neon Dynasty",251,nonfoil,€0.09,common,d61e596f-97ef-4eb3-af42-ddfe50d07667,2022-09-15T09:58:08.861Z
1,"Pacifism",iko,"Ikoria: Lair of Behemoths",25,nonfoil,€0.07,common,47adc9fc-d620-4cb7-a03c-8d9578992249,2022-09-15T09:58:08.861Z
2,"Pacifism",m20,"Core Set 2020",32,nonfoil,€0.02,common,31279d7c-5246-40b2-a8c7-0be4a5f24a29,2022-09-15T09:58:08.861Z
1,"Pacifism",dmr,"Dominaria Remastered",19,nonfoil,€0.06,common,5242a576-4d35-4f29-8d40-9a7179e51d0c,2023-04-11T13:49:14.808Z
1,"Blood Age General",stx,"Strixhaven: School of Mages",93,nonfoil,€0.06,common,f30237cc-27c8-4075-acbd-d75a16588a68,2022-09-15T09:58:08.857Z
2,"Pterodon Knight",xln,"Ixalan",28,nonfoil,€0.07,common,41f00a04-1336-4830-a6c2-514848afefd2,2022-09-15T09:58:08.861Z
1,"Dimir Signet",znc,"Zendikar Rising Commander",112,nonfoil,€0.71,common,90934b70-d4af-4a3e-81b4-c3f202b12f31,2022-09-15T09:58:08.855Z
1,"Dragonspark Reactor",neo,"Kamigawa: Neon Dynasty",137,nonfoil,€0.15,uncommon,5cf531dd-0a93-43e3-880b-f705fa5f533d,2022-09-15T09:58:08.858Z
2,"Dragonspark Reactor",neo,"Kamigawa: Neon Dynasty",137,nonfoil,€0.15,uncommon,5cf531dd-0a93-43e3-880b-f705fa5f533d,2022-09-15T09:58:08.858Z
1,"Dragonspark Reactor",neo,"Kamigawa: Neon Dynasty",137,nonfoil,€0.15,uncommon,5cf531dd-0a93-43e3-880b-f705fa5f533d,2022-09-15T09:58:08.858Z
1,"Mobile Garrison",aer,"Aether Revolt",165,nonfoil,€0.11,common,da443378-f5cb-4240-9524-2c40ec17c933,2022-09-15T09:58:08.860Z
1,"Sunken Hollow",dmc,"Dominaria United Commander",235,nonfoil,€0.22,rare,57e7f2d7-f2aa-45fd-ad6f-c618edb01018,2022-10-17T13:22:46.510Z
2,"Caught in the Brights",aer,"Aether Revolt",10,nonfoil,€0.08,common,4d5bea27-d825-4691-8ae0-c4831574ec53,2022-09-15T09:58:08.857Z
1,"Hero's Heirloom",dmu,"Dominaria United",231,nonfoil,€0.11,uncommon,5b7c0d2d-7107-4599-8d49-c7c57d21e467,2022-10-11T11:30:03.944Z
1,"Vineshaper Prodigy",dmu,"Dominaria United",187,nonfoil,€0.10,common,545cddde-8018-4fdd-874d-b5193b73b414,2022-10-11T11:30:03.944Z
1,"Incendiary Flow",emn,"Eldritch Moon",133,nonfoil,€0.13,uncommon,cf464f61-8a7f-493b-a80f-2f2b0ebd8bf6,2022-09-15T09:58:08.860Z
1,"Skulduggery",xln,"Ixalan",123,nonfoil,€0.07,common,ba30343b-1637-490f-810e-d614219789e3,2022-09-15T09:58:08.862Z
1,"Shapers of Nature",xln,"Ixalan",228,nonfoil,€0.11,uncommon,7aa682fb-f5b6-41c1-9428-6043b0b76744,2022-09-15T09:58:08.862Z
1,"Lens Flare",mh2,"Modern Horizons 2",330,nonfoil,€0.08,common,09d044aa-abed-47dd-b3a1-268fab03f8af,2022-09-15T09:58:08.860Z
1,"Lens Flare",mh2,"Modern Horizons 2",20,foil,€0.03,common,7d92f037-a121-428a-ac53-98437366ecfd,2022-09-15T09:58:08.860Z
1,"Lens Flare",mh2,"Modern Horizons 2",20,nonfoil,€0.07,common,7d92f037-a121-428a-ac53-98437366ecfd,2022-09-15T09:58:08.860Z
1,"Blanchwood Prowler",bro,"The Brothers' War",172,nonfoil,€0.09,common,9c6988b6-ade0-4cd5-b27c-146e5e7ae91f,2023-04-11T13:49:14.808Z
1,"Dive Down",xln,"Ixalan",53,nonfoil,€0.14,common,b33e493e-1aef-43b3-9716-52158b002430,2022-09-15T09:58:08.858Z
1,"Harmonic Prodigy",mh2,"Modern Horizons 2",132,nonfoil,€0.87,rare,22579ac0-ad3f-4000-a65a-46a17a7f1aa5,2022-09-15T09:58:08.859Z
1,"Captured by Lagacs",mh2,"Modern Horizons 2",188,nonfoil,€0.12,common,7ce1c2a8-688b-4f63-8d58-e325efc6052a,2022-09-15T09:58:08.857Z
3,"Dramatic Reversal",kld,"Kaladesh",44,nonfoil,€0.63,common,dcb59045-2743-48ae-8063-727e551b1c41,2022-09-15T09:58:08.858Z
2,"Simic Locket",rna,"Ravnica Allegiance",240,nonfoil,€0.04,common,29c65978-e5b0-428e-aace-f99768ca6106,2022-09-15T09:58:08.862Z
1,"Simic Locket",rna,"Ravnica Allegiance",240,foil,€0.15,common,29c65978-e5b0-428e-aace-f99768ca6106,2022-09-15T09:58:08.862Z
1,"Painful Truths",dmc,"Dominaria United Commander",116,nonfoil,€0.26,rare,58a9c908-dba1-4a3d-bcb7-c3e22dc5c9d3,2022-10-17T13:22:46.492Z
3,"Summary Judgment",rna,"Ravnica Allegiance",24,nonfoil,€0.10,common,c0b20fec-8373-4c6c-b3c1-ee7cff64dd37,2022-09-15T09:58:08.863Z
2,"Diver Skaab",vow,"Innistrad: Crimson Vow",56,nonfoil,€0.08,uncommon,38b5fdf4-3884-436f-8066-bc7593e72b02,2022-09-15T09:58:08.858Z
4,"Bonecrusher Giant // Stomp",eld,"Throne of Eldraine",115,nonfoil,€0.62,rare,09fd2d9c-1793-4beb-a3fb-7a869f660cd4,2022-09-15T09:58:08.855Z
1,"Clarion Cathars",mid,"Innistrad: Midnight Hunt",14,nonfoil,€0.04,common,89f8ea28-7de1-4908-8e2d-b1aeff651015,2022-09-15T09:58:08.858Z
1,"Painful Quandary",bro,"The Brothers' War",111,nonfoil,€0.69,rare,bed5e030-874f-4a00-8544-78ba04033f53,2023-04-11T13:49:14.808Z
1,"Rakdos Locket",rna,"Ravnica Allegiance",237,nonfoil,€0.14,common,4fd60d9b-2282-4b32-9bff-efb2bcf87d22,2022-09-15T09:58:08.861Z
1,"Temple of the False God",voc,"Crimson Vow Commander",187,nonfoil,€0.10,uncommon,a2d335ab-9bde-44aa-ae83-0615b5902210,2022-09-15T09:58:08.856Z
1,"Temple of the False God",voc,"Crimson Vow Commander",187,nonfoil,€0.10,uncommon,a2d335ab-9bde-44aa-ae83-0615b5902210,2022-09-15T09:58:08.856Z
1,"Regent's Authority",neo,"Kamigawa: Neon Dynasty",32,nonfoil,€0.14,common,79243e97-fe45-4988-b299-f59a7c53ad31,2022-09-15T09:58:08.861Z
1,"Regent's Authority",neo,"Kamigawa: Neon Dynasty",32,nonfoil,€0.14,common,79243e97-fe45-4988-b299-f59a7c53ad31,2022-09-15T09:58:08.861Z
1,"Wall of Omens",khc,"Kaldheim Commander",35,nonfoil,€0.20,uncommon,2561dc8e-1ea6-43f3-8cf1-afd7ec9a2191,2022-09-15T09:58:08.856Z
1,"Moldgraf Millipede",vow,"Innistrad: Crimson Vow",209,nonfoil,€0.11,common,5252ea27-63d1-4b80-beae-8e016373d004,2022-09-15T09:58:08.860Z
1,"Silverbluff Bridge",mh2,"Modern Horizons 2",255,nonfoil,€0.20,common,d80dc025-c2c4-48c2-8354-7d9ddb430eb9,2022-09-15T09:58:08.862Z
1,"Silverbluff Bridge",mh2,"Modern Horizons 2",255,nonfoil,€0.20,common,d80dc025-c2c4-48c2-8354-7d9ddb430eb9,2022-09-15T09:58:08.862Z
1,"Skatewing Spy",rna,"Ravnica Allegiance",52,nonfoil,€0.10,uncommon,ef4a517c-515b-4adc-8ea6-fb86820f22ed,2022-09-15T09:58:08.862Z
1,"Erinis, Gloom Stalker",clb,"Commander Legends: Battle for Baldur's Gate",230,nonfoil,€0.18,uncommon,b6a7d041-957a-4b19-9517-214689dadd45,2022-09-15T09:58:08.859Z
1,"Cruel Witness",vow,"Innistrad: Crimson Vow",55,nonfoil,€0.04,common,5bf2c686-efb0-46c7-b34e-c77987914b96,2022-09-15T09:58:08.858Z
1,"Battlefield Butcher",bro,"The Brothers' War",86,nonfoil,€0.05,uncommon,90c47e31-d4f6-46f3-94b7-1726c4a4a8eb,2023-04-11T13:49:14.808Z
1,"Selesnya Guildgate",rtr,"Return to Ravnica",246,nonfoil,€0.13,common,ff61d4e4-3c8c-48f7-a994-ec2317bbd9a0,2022-11-08T10:19:41.854Z
1,"Selesnya Guildgate",znc,"Zendikar Rising Commander",139,nonfoil,€0.13,common,e9b50917-6b95-41b8-86c7-1f4c8204d099,2022-09-15T09:58:08.855Z
3,"Bristling Boar",iko,"Ikoria: Lair of Behemoths",146,nonfoil,€0.02,common,c3c3243c-e9af-4b7d-8296-f7714436e571,2022-09-15T09:58:08.857Z
1,"Reality Heist",neo,"Kamigawa: Neon Dynasty",75,nonfoil,€0.12,uncommon,5bc954d7-322a-45b8-9e25-6e9a97fbde61,2022-09-15T09:58:08.861Z
1,"Reality Heist",neo,"Kamigawa: Neon Dynasty",75,nonfoil,€0.12,uncommon,5bc954d7-322a-45b8-9e25-6e9a97fbde61,2022-09-15T09:58:08.861Z
1,"Stromkirk Bloodthief",mid,"Innistrad: Midnight Hunt",123,nonfoil,€0.09,uncommon,fa819123-bf13-44ea-9a6e-06c8ab023e44,2022-09-15T09:58:08.863Z
1,"Faeburrow Elder",dmc,"Dominaria United Commander",149,nonfoil,€2.19,rare,c817cf1f-c0fe-49ab-a8e9-1d09b4c15e57,2022-10-17T13:22:46.454Z
1,"Arcane Signet",khc,"Kaldheim Commander",96,nonfoil,€0.69,common,f0b666de-5a89-417d-a946-00aafd1f1979,2022-09-15T09:58:08.855Z
1,"Arcane Signet",khc,"Kaldheim Commander",96,nonfoil,€0.69,common,f0b666de-5a89-417d-a946-00aafd1f1979,2022-09-15T09:58:08.856Z
1,"Arcane Signet",voc,"Crimson Vow Commander",159,nonfoil,€0.52,common,46f17b66-2484-49f4-80db-408bfda95aa9,2022-09-15T09:58:08.856Z
1,"Arcane Signet",voc,"Crimson Vow Commander",159,nonfoil,€0.52,common,46f17b66-2484-49f4-80db-408bfda95aa9,2022-09-15T09:58:08.856Z
2,"Arcane Signet",dmc,"Dominaria United Commander",177,nonfoil,€0.49,common,1bf50ef8-e7e8-4099-ba91-0d7c31b04541,2022-10-17T12:37:41.351Z
1,"Arcane Signet",znc,"Zendikar Rising Commander",106,nonfoil,€0.46,common,89ed88b1-c2b8-4c6e-87a6-168035b2f8c8,2022-09-15T09:58:08.855Z
1,"Arcane Signet",znc,"Zendikar Rising Commander",106,nonfoil,€0.46,common,89ed88b1-c2b8-4c6e-87a6-168035b2f8c8,2022-09-15T09:58:08.855Z
1,"Arcane Signet",cmr,"Commander Legends",297,nonfoil,€0.57,uncommon,ee40458c-7f3a-4fa6-976f-be1f7a336fdc,2022-09-15T09:58:08.857Z
1,"The Fall of Lord Konda // Fragment of Konda",neo,"Kamigawa: Neon Dynasty",12,nonfoil,€0.10,uncommon,4d784409-df6d-45d4-8f8b-6e3fd57a8fde,2022-09-15T09:58:08.863Z
1,"The Fall of Lord Konda // Fragment of Konda",neo,"Kamigawa: Neon Dynasty",12,nonfoil,€0.10,uncommon,4d784409-df6d-45d4-8f8b-6e3fd57a8fde,2022-09-15T09:58:08.863Z
1,"Hedron Archive",dmc,"Dominaria United Commander",184,nonfoil,€0.17,uncommon,27b2db81-cdf6-4989-a38a-eb728d63d9be,2022-10-17T12:37:41.387Z
1,"Life Goes On",hou,"Hour of Devastation",121,nonfoil,€0.03,common,5f39c264-a9a5-46f3-bd67-01d93d69e457,2022-09-15T09:58:08.860Z
1,"Bojuka Bog",dmc,"Dominaria United Commander",199,nonfoil,€1.01,common,c6525da7-49d9-4c92-a319-35a63dabadc6,2022-10-17T12:37:41.359Z
1,"Swiftfoot Boots",khc,"Kaldheim Commander",105,nonfoil,€0.78,uncommon,bf700ec0-1fd3-4971-ab03-51365dc8f4f4,2022-09-15T09:58:08.856Z
1,"Swiftfoot Boots",voc,"Crimson Vow Commander",169,nonfoil,€1.20,uncommon,99d75dbd-6fd2-479d-a5c7-272b4be21d8b,2022-09-15T09:58:08.856Z
1,"Swiftfoot Boots",brr,"The Brothers' War Retro Artifacts",58,nonfoil,€0.86,uncommon,96c69011-35bd-49f0-bae5-4a8367d32237,2023-04-11T13:49:14.808Z
1,"Daring Saboteur",cmr,"Commander Legends",64,nonfoil,€0.11,uncommon,98bcccf7-cec0-4507-b941-e47873861d20,2022-09-15T09:58:08.858Z
1,"Caprichrome",mh2,"Modern Horizons 2",9,nonfoil,€0.02,uncommon,e8c71a1f-191b-45f6-bb34-fba3e981a711,2022-09-15T09:58:08.857Z
1,"Rogue's Passage",znc,"Zendikar Rising Commander",138,nonfoil,€0.29,uncommon,809f04b8-21f2-48b1-a926-a4d750d131f7,2022-09-15T09:58:08.855Z
4,"Kumena's Speaker",xln,"Ixalan",196,nonfoil,€0.13,uncommon,52e96ddf-ac9e-4cc5-8c9a-afee421d99a6,2022-09-15T09:58:08.860Z
1,"Ovalchase Dragster",kld,"Kaladesh",225,nonfoil,€0.11,uncommon,20411aa0-f87b-49dd-b943-ca82d59db185,2022-09-15T09:58:08.861Z
1,"Crown of Skemfar",khc,"Kaldheim Commander",13,nonfoil,€0.27,rare,e6297586-8953-408e-a38c-2239d45807e1,2022-09-15T09:58:08.856Z
1,"Omnath, Locus of the Roil",m20,"Core Set 2020",216,nonfoil,€4.81,mythic,cb53a29d-2de2-4874-a6f3-0fecbfa14cf2,2022-09-15T09:58:08.861Z
1,"Omnath, Locus of the Roil",m20,"Core Set 2020",216,nonfoil,€4.81,mythic,cb53a29d-2de2-4874-a6f3-0fecbfa14cf2,2022-09-15T09:58:08.855Z
1,"Dukhara Scavenger",kld,"Kaladesh",77,nonfoil,€0.03,common,81591264-1342-418d-b5c6-9d700b729c51,2022-09-15T09:58:08.858Z
1,"Screaming Shield",rna,"Ravnica Allegiance",239,nonfoil,€0.08,uncommon,ebb42a80-0442-4850-b0e7-41182d5633ff,2022-09-15T09:58:08.862Z
1,"Altar of the Goyf",mh2,"Modern Horizons 2",220,foil,€0.11,uncommon,e0b3a98f-2b3c-438b-b78c-eef8d917f68e,2022-09-15T09:58:08.856Z
1,"Sleek Schooner",xln,"Ixalan",247,nonfoil,€0.02,uncommon,767e2bfb-bcf5-442c-b092-bdb1f4f13561,2022-09-15T09:58:08.862Z
1,"Assassin's Ink",neo,"Kamigawa: Neon Dynasty",87,nonfoil,€0.09,uncommon,5a926c10-029d-4e24-8c3f-1808025e30aa,2022-09-15T09:58:08.857Z
2,"Assassin's Ink",neo,"Kamigawa: Neon Dynasty",87,nonfoil,€0.09,uncommon,5a926c10-029d-4e24-8c3f-1808025e30aa,2022-09-15T09:58:08.857Z
1,"Return of the Wildspeaker",znc,"Zendikar Rising Commander",79,nonfoil,€1.45,rare,cbbfd12c-9d16-4abe-83e9-ef5fa5977631,2022-09-15T09:58:08.855Z
4,"Akoum Hellhound",znr,"Zendikar Rising",133,nonfoil,€0.03,common,3a5ad1c8-3d70-43ed-9539-2aa6289c5c4a,2022-09-15T09:58:08.855Z
1,"Dramatist's Puppet",neo,"Kamigawa: Neon Dynasty",244,nonfoil,€0.04,common,b490e065-b54a-4015-9768-d0e62f0e2e84,2022-09-15T09:58:08.858Z
1,"Dramatist's Puppet",neo,"Kamigawa: Neon Dynasty",244,nonfoil,€0.04,common,b490e065-b54a-4015-9768-d0e62f0e2e84,2022-09-15T09:58:08.858Z
1,"Air Servant",w16,"Welcome Deck 2016",4,nonfoil,€0.02,uncommon,01007d7f-e29b-49d5-bc60-44b2fb77ed3d,2022-09-15T09:58:08.856Z
1,"Fertilid",znc,"Zendikar Rising Commander",67,nonfoil,€0.16,common,4532020f-c6b5-43e6-946b-a4491c1785b3,2022-09-15T09:58:08.855Z
1,"Fertilid",iko,"Ikoria: Lair of Behemoths",152,nonfoil,€0.05,common,9c6b39b9-0615-4899-8de2-b579d5b12f1c,2022-09-15T09:58:08.859Z
1,"Path of Ancestry",voc,"Crimson Vow Commander",177,nonfoil,€0.16,common,92031493-b21f-4029-a01b-0a5c1ddb4776,2022-09-15T09:58:08.856Z
1,"Path of Ancestry",khc,"Kaldheim Commander",117,nonfoil,€0.40,common,04f35c75-4ede-4c23-867b-58d367f75fc8,2022-09-15T09:58:08.856Z
1,"Path of Ancestry",c20,"Commander 2020",298,nonfoil,€0.30,common,d2731103-47ef-41d3-bf5f-5773b60c7948,2022-09-15T09:58:08.856Z
1,"Silver-Fur Master",neo,"Kamigawa: Neon Dynasty",236,nonfoil,€0.13,uncommon,cacc36d9-4c4b-43b2-a8b4-d265deb1e6b2,2022-09-15T09:58:08.862Z
1,"Silver-Fur Master",neo,"Kamigawa: Neon Dynasty",236,nonfoil,€0.13,uncommon,cacc36d9-4c4b-43b2-a8b4-d265deb1e6b2,2022-09-15T09:58:08.862Z
1,"Bloodline Necromancer",voc,"Crimson Vow Commander",120,nonfoil,€0.69,uncommon,f960d341-3b41-4b2d-a417-85a9b4cd8e4d,2022-09-15T09:58:08.856Z
1,"Cultivate",dmc,"Dominaria United Commander",130,nonfoil,€0.43,common,6d204fda-c4c4-456c-900a-a67fa9ce3b5d,2022-10-17T13:22:46.446Z
1,"Cultivate",sta,"Strixhaven Mystical Archive",51,nonfoil,€0.39,uncommon,b3896717-1e46-4aa2-88b7-1c4fe76edde1,2022-09-15T09:58:08.858Z
1,"Tireless Hauler // Dire-Strain Brawler",mid,"Innistrad: Midnight Hunt",305,foil,€0.07,common,552bb3a5-0c2c-4dc5-aee8-1048b04e69f9,2022-09-15T09:58:08.863Z
1,"Tireless Hauler // Dire-Strain Brawler",mid,"Innistrad: Midnight Hunt",305,nonfoil,€0.02,common,552bb3a5-0c2c-4dc5-aee8-1048b04e69f9,2022-09-15T09:58:08.863Z
1,"Soldier",tdmu,"Dominaria United Tokens",4,nonfoil,€0.00,common,8c4b0257-2ca5-4015-9d63-d7cf6e87ab9d,2022-10-11T11:30:03.944Z
1,"Soldier",tcmr,"Commander Legends Tokens",2,nonfoil,€0.00,common,430ed737-b918-4485-a623-e781c0beb67b,2022-09-15T09:58:08.862Z
2,"Smoldering Marsh",dmc,"Dominaria United Commander",234,nonfoil,€0.28,rare,5613def4-c9fe-48e0-920d-48dd3a193ecc,2022-10-17T12:37:41.421Z
1,"Smoldering Marsh",voc,"Crimson Vow Commander",183,nonfoil,€0.70,rare,c2cf99ba-19c4-4f03-901b-69b754b6c48a,2022-09-15T09:58:08.862Z
1,"Fallaji Wayfarer",dmc,"Dominaria United Commander",11,nonfoil,€1.22,rare,bc2378b2-96e2-44ca-8434-9f06c26b183d,2022-10-17T13:22:46.455Z
1,"Varragoth, Bloodsky Sire",khm,"Kaldheim",115,nonfoil,€3.64,rare,efa8dbf0-4e5a-452b-826f-5813e8cd9d85,2022-09-15T09:58:08.864Z
8,"Swamp",mid,"Innistrad: Midnight Hunt",273,nonfoil,€0.35,common,38fef662-993c-4522-8b3f-7c1d3bb1d946,2022-09-15T09:58:08.855Z
1,"Swamp",mid,"Innistrad: Midnight Hunt",273,foil,€1.18,common,38fef662-993c-4522-8b3f-7c1d3bb1d946,2022-09-15T09:58:08.855Z
1,"Swamp",mid,"Innistrad: Midnight Hunt",273,nonfoil,€0.35,common,38fef662-993c-4522-8b3f-7c1d3bb1d946,2022-09-15T09:58:08.863Z
1,"Swamp",neo,"Kamigawa: Neon Dynasty",297,nonfoil,€1.41,common,c50b3d79-2361-4858-98b0-64d83c4f7f70,2022-09-15T09:58:08.863Z
1,"Swamp",dmu,"Dominaria United",279,foil,€1.57,common,f1b8c9a6-62eb-436e-9277-e2b8075d482d,2022-11-08T10:17:21.892Z
1,"Swamp",dmu,"Dominaria United",279,nonfoil,€0.88,common,f1b8c9a6-62eb-436e-9277-e2b8075d482d,2022-10-11T11:30:03.944Z
7,"Swamp",dmu,"Dominaria United",268,nonfoil,€0.06,common,5a846f00-ccb9-4ee2-8358-7c7722258601,2022-10-17T12:37:41.423Z
2,"Tormod's Cryptkeeper",mh2,"Modern Horizons 2",239,nonfoil,€0.08,common,05900f1d-f065-4656-a8a2-2f719d3fdea8,2022-09-15T09:58:08.863Z
1,"Lord of the Forsaken",mid,"Innistrad: Midnight Hunt",110,nonfoil,€0.88,mythic,d5a8846c-3950-4588-97e8-3aa70bcd2403,2022-09-15T09:58:08.860Z
1,"Aegis Automaton",aer,"Aether Revolt",141,nonfoil,€0.05,common,e5f9fa2d-4bf4-4fcb-9b76-fd4a9ff5a58c,2022-09-15T09:58:08.856Z
1,"Karplusan Forest",dmu,"Dominaria United",250,nonfoil,€1.96,rare,b89b2c79-e3d3-4ef9-bfc8-f9c090975011,2022-10-11T11:30:03.944Z
2,"Dokuchi Shadow-Walker",neo,"Kamigawa: Neon Dynasty",339,nonfoil,€0.04,common,6d35bcc7-2280-4061-9a6c-e67038cfb114,2022-09-15T09:58:08.858Z
1,"Dokuchi Shadow-Walker",neo,"Kamigawa: Neon Dynasty",339,nonfoil,€0.04,common,6d35bcc7-2280-4061-9a6c-e67038cfb114,2022-09-15T09:58:08.858Z
1,"Dokuchi Shadow-Walker",neo,"Kamigawa: Neon Dynasty",94,nonfoil,€0.08,common,81496a81-c986-4749-a28c-45341764e28f,2022-09-15T09:58:08.858Z
1,"Dokuchi Shadow-Walker",neo,"Kamigawa: Neon Dynasty",94,nonfoil,€0.08,common,81496a81-c986-4749-a28c-45341764e28f,2022-09-15T09:58:08.858Z
3,"Scurrid Colony",stx,"Strixhaven: School of Mages",142,nonfoil,€0.04,common,c9c0a096-870d-443c-92d3-f7ec1f362616,2022-09-15T09:58:08.862Z
1,"Secret Rendezvous",stx,"Strixhaven: School of Mages",26,nonfoil,€0.13,uncommon,39528cf0-343e-499b-a69f-c5c3c2898c25,2022-09-15T09:58:08.862Z
1,"Nature's Lore",dmr,"Dominaria Remastered",346,nonfoil,€0.00,uncommon,ed3e1d00-effa-46ac-a899-030c0eb149ac,2023-04-11T13:49:14.808Z
1,"Nature's Lore",5ed,"Fifth Edition",316,nonfoil,€1.02,common,00a4ffc1-7731-42d9-b970-2a8d84cba14d,2022-09-15T09:58:08.861Z
1,"Marauding Boneslasher",hou,"Hour of Devastation",70,nonfoil,€0.05,common,ddfb7f50-14b1-4c7d-b4c8-f50bc14f4fb7,2022-09-15T09:58:08.860Z
1,"Haunting Figment",dmu,"Dominaria United",53,nonfoil,€0.03,common,d14b07ea-18e4-41fb-8136-759d5349e88a,2022-10-11T11:30:03.944Z
1,"Haunting Figment",dmu,"Dominaria United",53,nonfoil,€0.03,common,d14b07ea-18e4-41fb-8136-759d5349e88a,2022-10-11T11:30:03.944Z
1,"Abundant Growth",dmc,"Dominaria United Commander",128,nonfoil,€0.95,common,6dba2d06-13af-464d-b007-9027cade1cdf,2022-10-17T13:22:46.423Z
2,"Reckoner Shakedown",neo,"Kamigawa: Neon Dynasty",119,nonfoil,€0.06,common,cf57666f-366b-43bf-95c7-39c1f7f061e2,2022-09-15T09:58:08.861Z
1,"Reckoner Shakedown",neo,"Kamigawa: Neon Dynasty",119,nonfoil,€0.06,common,cf57666f-366b-43bf-95c7-39c1f7f061e2,2022-09-15T09:58:08.861Z
1,"Radiant Flames",dmc,"Dominaria United Commander",126,nonfoil,€0.22,rare,e80455ca-f23c-44da-b191-c3b12a9c546f,2022-10-17T13:22:46.499Z
1,"Inkfathom Witch",pc2,"Planechase 2012",97,nonfoil,€0.16,uncommon,685c7615-5f14-481a-be36-e3f46f6883b4,2022-11-08T10:17:21.892Z
1,"Umbris, Fear Manifest",voc,"Crimson Vow Commander",38,nonfoil,€5.40,mythic,7aead6a8-bada-42cf-b7cc-0b730f564582,2022-09-15T09:58:08.863Z
1,"Noxious Groodion",rna,"Ravnica Allegiance",78,nonfoil,€0.04,common,b6cb3d78-1a60-4e9b-b387-afeb58677536,2022-09-15T09:58:08.861Z
1,"Adanto Vanguard",xln,"Ixalan",1,nonfoil,€0.15,uncommon,21c950d7-b4f6-4902-8c9a-98f2933f9fa5,2022-09-15T09:58:08.856Z
1,"Belligerent Guest",vow,"Innistrad: Crimson Vow",144,foil,€0.07,common,1bb844c4-f41c-4411-a80a-c19e1d97b272,2022-09-15T09:58:08.857Z
3,"Belligerent Guest",vow,"Innistrad: Crimson Vow",144,nonfoil,€0.10,common,1bb844c4-f41c-4411-a80a-c19e1d97b272,2022-09-15T09:58:08.857Z
1,"Sunrise Cavalier",mid,"Innistrad: Midnight Hunt",244,nonfoil,€0.05,uncommon,3d0081b1-40fd-44ad-b154-efe2f27fed6b,2022-09-15T09:58:08.863Z
1,"Experimental Synthesizer",neo,"Kamigawa: Neon Dynasty",138,nonfoil,€1.19,common,c47931c9-685d-4b83-8299-bc347224b4e8,2022-09-15T09:58:08.859Z
1,"Experimental Synthesizer",neo,"Kamigawa: Neon Dynasty",138,nonfoil,€1.19,common,c47931c9-685d-4b83-8299-bc347224b4e8,2022-09-15T09:58:08.859Z
3,"Alley Strangler",aer,"Aether Revolt",52,nonfoil,€0.04,common,a131d558-5f6b-448b-a378-1882e2d02bd2,2022-09-15T09:58:08.856Z
1,"Storm Sculptor",xln,"Ixalan",85,nonfoil,€0.04,common,9532b735-8390-4379-ae43-2bd00d281dd6,2022-09-15T09:58:08.863Z
1,"Aeronaut Cavalry",bro,"The Brothers' War",1,nonfoil,€0.06,common,38a62bb2-bc33-44d4-9a7e-92c9ea7d3c2c,2023-04-11T13:49:14.808Z
2,"Spontaneous Mutation",emn,"Eldritch Moon",74,nonfoil,€0.03,common,a022c983-0fb8-4e8c-9ba3-9356ad340f66,2022-09-15T09:58:08.863Z
1,"Snarling Wolf",vow,"Innistrad: Crimson Vow",219,nonfoil,€0.06,common,ecd271d7-a3c8-4448-b8e2-bcef5d7e9118,2022-09-15T09:58:08.862Z
1,"Snarling Wolf",vow,"Innistrad: Crimson Vow",219,foil,€0.06,common,ecd271d7-a3c8-4448-b8e2-bcef5d7e9118,2022-09-15T09:58:08.862Z
1,"Dockside Chef",neo,"Kamigawa: Neon Dynasty",93,nonfoil,€0.18,uncommon,d80100c3-c81e-4084-8dfe-f8610637fd91,2022-09-15T09:58:08.858Z
1,"Dockside Chef",neo,"Kamigawa: Neon Dynasty",93,nonfoil,€0.18,uncommon,d80100c3-c81e-4084-8dfe-f8610637fd91,2022-09-15T09:58:08.858Z
1,"Sol Ring",khc,"Kaldheim Commander",104,nonfoil,€0.70,uncommon,0afa0e33-4804-4b00-b625-c2d6b61090fc,2022-09-15T09:58:08.856Z
1,"Sol Ring",khc,"Kaldheim Commander",104,nonfoil,€0.70,uncommon,0afa0e33-4804-4b00-b625-c2d6b61090fc,2022-09-15T09:58:08.856Z
1,"Sol Ring",znc,"Zendikar Rising Commander",120,nonfoil,€0.97,uncommon,8a5edac3-855a-4820-b913-44de5b29b7d0,2022-09-15T09:58:08.855Z
1,"Sol Ring",znc,"Zendikar Rising Commander",120,nonfoil,€0.97,uncommon,8a5edac3-855a-4820-b913-44de5b29b7d0,2022-09-15T09:58:08.855Z
1,"Sol Ring",dmc,"Dominaria United Commander",190,nonfoil,€0.82,uncommon,beebe533-29b9-4041-ab66-0a8233c50d56,2022-10-17T12:37:41.422Z
1,"Sol Ring",voc,"Crimson Vow Commander",168,nonfoil,€0.86,uncommon,ca57eebe-5bc9-4cff-ae91-ccd509aa36ce,2022-09-15T09:58:08.856Z
1,"Sol Ring",voc,"Crimson Vow Commander",168,nonfoil,€0.86,uncommon,ca57eebe-5bc9-4cff-ae91-ccd509aa36ce,2022-09-15T09:58:08.856Z
1,"Broken Bond",dom,"Dominaria",157,nonfoil,€0.16,common,b4dcb59f-2a47-4461-9831-204ad15696b5,2022-09-15T09:58:08.857Z
2,"Fellwar Stone",dmc,"Dominaria United Commander",182,nonfoil,€0.49,uncommon,5bf29f9d-0745-4aab-b7fc-7b04ba2eeaba,2022-10-17T12:37:41.379Z
2,"Demystify",xln,"Ixalan",8,nonfoil,€0.02,common,e3979b88-ac58-420a-8c03-37ea5d93d0f1,2022-09-15T09:58:08.858Z
1,"Ketria Triome",iko,"Ikoria: Lair of Behemoths",250,nonfoil,€11.08,rare,a249b1f4-2b22-4b67-a207-e0c4ae95d2e1,2022-09-15T09:58:08.860Z
1,"Monstrous War-Leech",dmu,"Dominaria United",98,nonfoil,€0.04,uncommon,660d7983-b335-48b4-898d-f182effcf2de,2022-10-11T11:30:03.944Z
1,"Resolute Reinforcements",dmu,"Dominaria United",29,nonfoil,€0.24,uncommon,3e11ad33-b9d7-43ef-840a-61955683b599,2022-10-11T11:30:03.944Z
2,"Magmatic Chasm",soi,"Shadows over Innistrad",172,nonfoil,€0.05,common,d4d5de8b-0286-4fca-86fd-e983a91f4a8c,2022-09-15T09:58:08.860Z
3,"Daredevil Dragster",aer,"Aether Revolt",149,nonfoil,€0.13,uncommon,19bbbc98-0806-4226-8fd1-16b812334cee,2022-09-15T09:58:08.858Z
1,"Mothrider Patrol",neo,"Kamigawa: Neon Dynasty",30,nonfoil,€0.03,common,f657f2dc-adc8-4a66-b081-a71b3a127389,2022-09-15T09:58:08.861Z
1,"Mothrider Patrol",neo,"Kamigawa: Neon Dynasty",30,nonfoil,€0.03,common,f657f2dc-adc8-4a66-b081-a71b3a127389,2022-09-15T09:58:08.861Z
1,"Mind Rot",w16,"Welcome Deck 2016",7,nonfoil,€0.02,common,8363865b-23f9-4cca-beb4-a5d467caff4c,2022-09-15T09:58:08.860Z
1,"Mind Rot",kld,"Kaladesh",93,nonfoil,€0.03,common,3317ff1a-9104-44e6-acb9-5ee09648138f,2022-09-15T09:58:08.860Z
2,"Falkenrath Celebrants",vow,"Innistrad: Crimson Vow",306,nonfoil,€0.09,common,6aacc8fa-9440-494b-a3d9-7b1678c5a9f6,2022-09-15T09:58:08.859Z
1,"Falkenrath Celebrants",vow,"Innistrad: Crimson Vow",306,foil,€0.16,common,6aacc8fa-9440-494b-a3d9-7b1678c5a9f6,2022-09-15T09:58:08.859Z
2,"Falkenrath Celebrants",vow,"Innistrad: Crimson Vow",156,nonfoil,€0.13,common,4c3c5778-4760-4a8c-8d8d-693e29a0a74b,2022-09-15T09:58:08.859Z
2,"Syndicate Messenger",rna,"Ravnica Allegiance",25,nonfoil,€0.10,common,10273046-4c74-42d8-afaa-6cfbe0bd4e8f,2022-09-15T09:58:08.863Z
3,"Woodland Stream",rix,"Rivals of Ixalan",191,nonfoil,€0.16,uncommon,d1f14b4d-b90e-4ce4-aa32-13c9969aa46a,2022-09-15T09:58:08.864Z
2,"Woodland Stream",kld,"Kaladesh",274,nonfoil,€0.08,common,a333bbdc-5af7-4679-b263-3aaa056452a0,2022-09-15T09:58:08.864Z
1,"Searchlight Companion",neo,"Kamigawa: Neon Dynasty",258,nonfoil,€0.14,common,0b79b30e-e7aa-490e-b130-de7533e6e13b,2022-09-15T09:58:08.862Z
1,"Searchlight Companion",neo,"Kamigawa: Neon Dynasty",258,nonfoil,€0.14,common,0b79b30e-e7aa-490e-b130-de7533e6e13b,2022-09-15T09:58:08.862Z
1,"You Look Upon the Tarrasque",clb,"Commander Legends: Battle for Baldur's Gate",262,nonfoil,€0.14,uncommon,5f00a908-1898-48e9-8b04-88c2450b2dd3,2022-09-15T09:58:08.864Z
1,"Kor Cartographer",khc,"Kaldheim Commander",28,nonfoil,€0.12,common,6226b346-ca4c-45ea-871c-1a8fb7f9be0d,2022-09-15T09:58:08.855Z
1,"Kor Cartographer",cmr,"Commander Legends",30,nonfoil,€0.07,common,583ef638-1ea1-4301-bb86-78cb2b5f3aab,2022-09-15T09:58:08.854Z
1,"Kor Cartographer",znc,"Zendikar Rising Commander",18,nonfoil,€0.07,common,975ad85f-1314-4707-974d-2f49b11b9490,2022-09-15T09:58:08.855Z
1,"Blackblade Reforged",znc,"Zendikar Rising Commander",107,nonfoil,€0.16,rare,aa4146f0-0c8c-4b8a-8d24-b6c5e33eba3d,2022-09-15T09:58:08.855Z
1,"Blackblade Reforged",dmc,"Dominaria United Commander",178,nonfoil,€0.27,rare,240448cd-c308-49ae-9e4b-0c35adc59fba,2022-10-17T12:37:41.358Z
1,"Day of Destiny",dmc,"Dominaria United Commander",99,nonfoil,€0.23,rare,56b27e0c-bf8e-43d6-b99d-3e25d4954d34,2022-10-17T12:37:41.373Z
1,"Sedge Scorpion",m20,"Core Set 2020",192,nonfoil,€0.06,common,9864f811-db2e-4d6d-ad59-a491a790bdd4,2022-09-15T09:58:08.862Z
1,"Terramorph",mh2,"Modern Horizons 2",177,nonfoil,€0.05,uncommon,28b08596-f6c7-4366-a4ed-21a11fbc901a,2022-09-15T09:58:08.863Z
1,"Kari Zev, Skyship Raider",dmc,"Dominaria United Commander",123,nonfoil,€0.15,rare,52de8af2-d260-42a8-b8c2-b26b392632d1,2022-10-17T12:37:41.394Z
1,"Eiganjo Exemplar",neo,"Kamigawa: Neon Dynasty",10,nonfoil,€0.08,common,3b0a9cc0-bb6d-47f7-b0d5-3956c46a1b3a,2022-09-15T09:58:08.858Z
1,"Eiganjo Exemplar",neo,"Kamigawa: Neon Dynasty",10,nonfoil,€0.08,common,3b0a9cc0-bb6d-47f7-b0d5-3956c46a1b3a,2022-09-15T09:58:08.858Z
1,"Eiganjo Exemplar",neo,"Kamigawa: Neon Dynasty",309,nonfoil,€0.07,common,6c85917c-60ea-44d3-8483-fa639564e881,2022-09-15T09:58:08.858Z
2,"Eiganjo Exemplar",neo,"Kamigawa: Neon Dynasty",309,nonfoil,€0.07,common,6c85917c-60ea-44d3-8483-fa639564e881,2022-09-15T09:58:08.858Z
1,"Krosan Verge",znc,"Zendikar Rising Commander",134,nonfoil,€0.19,uncommon,8d6adf14-e1ee-4248-bad2-67f209e686f6,2022-09-15T09:58:08.855Z
1,"Krosan Verge",dmc,"Dominaria United Commander",216,nonfoil,€0.19,uncommon,d94c0ed8-a4f0-48ab-809e-5976fd87b97a,2022-10-17T13:22:46.474Z
1,"Repel the Vile",neo,"Kamigawa: Neon Dynasty",33,nonfoil,€0.09,common,9a37d5b4-af3a-48b0-895f-91b652108ef6,2022-09-15T09:58:08.862Z
1,"Repel the Vile",neo,"Kamigawa: Neon Dynasty",33,nonfoil,€0.09,common,9a37d5b4-af3a-48b0-895f-91b652108ef6,2022-09-15T09:58:08.862Z
2,"Repel the Vile",neo,"Kamigawa: Neon Dynasty",33,nonfoil,€0.09,common,9a37d5b4-af3a-48b0-895f-91b652108ef6,2022-09-15T09:58:08.862Z
1,"Retrieval Agent",bro,"The Brothers' War",60,nonfoil,€0.04,common,f333a7b1-936e-42f3-ba22-2c76dd2f1c9a,2023-04-11T13:49:14.808Z
1,"Temple of Triumph",dmc,"Dominaria United Commander",238,nonfoil,€0.21,rare,506e6398-174b-42ce-a326-2c74671c3777,2022-10-17T12:37:41.428Z
1,"Spark Spray",dmr,"Dominaria Remastered",141,nonfoil,€0.07,common,22844a75-7064-4108-921f-6a590aa2e71c,2023-04-11T13:49:14.808Z
2,"Dawnhart Mentor",mid,"Innistrad: Midnight Hunt",300,nonfoil,€0.04,uncommon,ac558d9d-5c7d-4671-ae0b-94c099e1b111,2022-09-15T09:58:08.858Z
2,"Vermin Gorger",mh2,"Modern Horizons 2",107,nonfoil,€0.23,common,d3166b10-5bc3-4db6-bb5b-81045d98e446,2022-09-15T09:58:08.864Z
2,"Vega, the Watcher",khm,"Kaldheim",233,nonfoil,€0.10,uncommon,28fced7f-3078-4a54-8f76-0ef14c732e97,2022-09-15T09:58:08.864Z
1,"Vega, the Watcher",khm,"Kaldheim",233,nonfoil,€0.10,uncommon,28fced7f-3078-4a54-8f76-0ef14c732e97,2022-09-15T09:58:08.856Z
1,"Roving Harper",clb,"Commander Legends: Battle for Baldur's Gate",40,nonfoil,€0.11,common,c6b0ed9c-9a99-4a50-80a9-396420a8dcf9,2022-09-15T09:58:08.862Z
1,"Scouting Hawk",clb,"Commander Legends: Battle for Baldur's Gate",41,nonfoil,€0.10,common,bce2209e-7a5c-4394-876c-e0f68cfba9ca,2022-09-15T09:58:08.862Z
2,"Skywhaler's Shot",kld,"Kaladesh",29,nonfoil,€0.05,uncommon,54dd4948-dc79-4fe5-b4a0-fb257058f9dd,2022-09-15T09:58:08.862Z
1,"Phantasmal Dreadmaw",mh2,"Modern Horizons 2",55,nonfoil,€0.05,common,a7f09ddb-0dec-47a7-92d4-efbeaf8cd85c,2022-09-15T09:58:08.861Z
1,"Phantasmal Dreadmaw",mh2,"Modern Horizons 2",339,nonfoil,€0.09,common,c2484b24-ca5e-421d-8dbf-41df7094c8a8,2022-09-15T09:58:08.861Z
2,"Syr Faren, the Hengehammer",eld,"Throne of Eldraine",177,nonfoil,€0.12,uncommon,9a8b1fea-3c5d-43d2-b4d2-e8938f3f7b9c,2022-09-15T09:58:08.855Z
1,"Pillardrop Warden",stx,"Strixhaven: School of Mages",112,nonfoil,€0.04,common,7d509f73-cd62-4116-9652-0ed801ed8b36,2022-09-15T09:58:08.861Z
1,"Pyre-Sledge Arsonist",snc,"Streets of New Capenna",118,nonfoil,€0.05,uncommon,33c5fd3e-3799-4535-8c33-9c567f4f5709,2022-09-15T09:58:08.861Z
2,"Unblinking Observer",mid,"Innistrad: Midnight Hunt",82,nonfoil,€0.02,common,8148063c-a509-43ac-a291-c9410c30c2f2,2022-09-15T09:58:08.863Z
1,"Rishadan Dockhand",mh2,"Modern Horizons 2",59,nonfoil,€0.51,rare,fc488a4c-2885-4727-8317-da93aee8fced,2022-09-15T09:58:08.862Z
1,"Cultivator of Blades",khc,"Kaldheim Commander",55,nonfoil,€0.14,rare,c2e6e8a1-2e69-43de-964d-72f722439d4a,2022-09-15T09:58:08.856Z
1,"Cultivator of Blades",kld,"Kaladesh",151,nonfoil,€0.15,rare,5d21d35b-1b4e-43aa-8fb7-0dd7a2fa91a1,2022-09-15T09:58:08.858Z
1,"Stern Lesson",bro,"The Brothers' War",64,nonfoil,€0.07,common,3151caa2-10ed-4f30-83eb-cd1bd3f642ce,2023-04-11T13:49:14.808Z
1,"Ranging Raptors",xln,"Ixalan",201,nonfoil,€0.81,uncommon,9e91efc6-0e6a-4a9e-a486-adf53e53d3f1,2022-09-15T09:58:08.861Z
4,"Universal Solvent",aer,"Aether Revolt",178,nonfoil,€0.04,common,2f1b66b2-12b2-497b-a328-b43630c79e73,2022-09-15T09:58:08.864Z
2,"Puncturing Blow",hou,"Hour of Devastation",106,nonfoil,€0.07,common,d7d88da5-d9a3-49b3-a091-458b058c9114,2022-09-15T09:58:08.861Z
1,"Gryff Rider",vow,"Innistrad: Crimson Vow",15,nonfoil,€0.03,common,5317077b-370e-41a9-9162-c713362fd7f4,2022-09-15T09:58:08.859Z
2,"Sanctify",vow,"Innistrad: Crimson Vow",33,nonfoil,€0.12,common,880e071a-6d6c-41c4-b2eb-c9e6626d0c7f,2022-09-15T09:58:08.862Z
1,"Resolute Survivors",hou,"Hour of Devastation",142,nonfoil,€0.08,uncommon,713f469e-58c3-4db4-aa7a-77126bda13f2,2022-09-15T09:58:08.862Z
2,"River Heralds' Boon",xln,"Ixalan",204,nonfoil,€0.10,common,e355a98d-093d-4ab2-84f2-f560d08f1fca,2022-09-15T09:58:08.862Z
4,"River Heralds' Boon",xln,"Ixalan",204,nonfoil,€0.10,common,e355a98d-093d-4ab2-84f2-f560d08f1fca,2022-09-15T09:58:08.862Z
1,"Razorlash Transmogrant",bro,"The Brothers' War",122,nonfoil,€0.31,rare,edfaf8cc-7819-4ec2-8d79-e3b0c1814590,2023-04-11T13:49:14.808Z
1,"Sigarda's Imprisonment",vow,"Innistrad: Crimson Vow",35,nonfoil,€0.04,common,118995a6-8471-47ac-9404-700ce7fc46f6,2022-09-15T09:58:08.862Z
1,"Cat",tdmr,"Dominaria Remastered Tokens",8,nonfoil,€0.00,common,07b58d5f-8a9f-4fd6-83d6-efe3a92e89b2,2023-04-11T13:49:14.808Z
1,"Dead Weight",iko,"Ikoria: Lair of Behemoths",83,nonfoil,€0.02,common,ecf18476-f67b-46e6-905c-e6808981c58a,2022-09-15T09:58:08.858Z
1,"Dead Weight",isd,"Innistrad",96,nonfoil,€0.05,common,7933987e-7b8c-4d5a-804a-708d6bb6d231,2022-09-15T09:58:08.858Z
1,"Bloodtithe Collector",mid,"Innistrad: Midnight Hunt",90,nonfoil,€0.09,uncommon,57d5e536-7774-4949-8127-727ae4d8fc80,2022-09-15T09:58:08.857Z
1,"Morbid Opportunist",mid,"Innistrad: Midnight Hunt",113,foil,€2.66,uncommon,5a53982e-3d66-4808-bcb5-46ff40567872,2022-09-15T09:58:08.861Z
1,"Bomat Bazaar Barge",kld,"Kaladesh",198,nonfoil,€0.08,uncommon,0f32be75-979d-43a9-9132-2cf013ddaf3b,2022-09-15T09:58:08.857Z
1,"Bride's Gown",vow,"Innistrad: Crimson Vow",4,nonfoil,€0.06,uncommon,b3e5dbbe-ca99-41a5-901d-511b9f3ccea6,2022-09-15T09:58:08.857Z
1,"Renegade's Getaway",aer,"Aether Revolt",69,nonfoil,€0.07,common,49b0a5d5-99d7-492b-bd85-77c3cee12c8d,2022-09-15T09:58:08.862Z
1,"Renegade's Getaway",aer,"Aether Revolt",69,nonfoil,€0.07,common,49b0a5d5-99d7-492b-bd85-77c3cee12c8d,2022-09-15T09:58:08.862Z
4,"Teeterpeak Ambusher",znr,"Zendikar Rising",169,nonfoil,€0.11,common,ad57c2f3-d9cb-4165-bb39-897b5b12689e,2022-09-15T09:58:08.863Z
1,"Verdant Command",mh2,"Modern Horizons 2",182,nonfoil,€0.15,rare,83031ea8-a6c9-4318-af16-bba701dd76bb,2022-09-15T09:58:08.864Z
1,"Consuming Aberration",znc,"Zendikar Rising Commander",89,nonfoil,€0.35,rare,72c72aef-1e32-48af-b8e4-afe1bc9ed346,2022-09-15T09:58:08.855Z
1,"Involuntary Employment",snc,"Streets of New Capenna",110,nonfoil,€0.08,uncommon,af7626e2-0041-4ac5-97b3-2db8dcb094d4,2022-09-15T09:58:08.860Z
1,"Weirded Vampire",emn,"Eldritch Moon",113,nonfoil,€0.05,common,fb5234ac-e308-417d-96b0-d860f3186e6b,2022-09-15T09:58:08.864Z
1,"Mikokoro, Center of the Sea",dmc,"Dominaria United Commander",217,nonfoil,€1.36,rare,d80eb098-5433-4b1e-aad5-0fd31bf598dd,2022-10-17T12:37:41.398Z
1,"Underworld Sentinel",thb,"Theros Beyond Death",293,nonfoil,€0.28,rare,d8c7aa89-3777-49ec-a6d0-c568150864e8,2022-09-15T09:58:08.864Z
1,"Stromkirk Mentor",soi,"Shadows over Innistrad",137,nonfoil,€0.15,common,aa90b7dc-fb90-411e-a762-06a800bae0cf,2022-09-15T09:58:08.863Z
1,"Tamiyo, Collector of Tales",pwar,"War of the Spark Promos",220p,nonfoil,€0.29,rare,786d89de-da0c-47af-80ae-2734dc0514fc,2022-09-15T09:58:08.863Z
2,"Burdened Aerialist",mh2,"Modern Horizons 2",38,nonfoil,€0.06,common,8387bc7c-2e0a-4ff2-9882-e5e7c92c8463,2022-09-15T09:58:08.857Z
1,"Rankle, Master of Pranks",eld,"Throne of Eldraine",101,nonfoil,€1.67,mythic,93c2c11d-dfc3-4ba9-8c0f-a98114090396,2022-09-15T09:58:08.855Z
1,"The Reaver Cleaver",dmc,"Dominaria United Commander",8,nonfoil,€10.16,rare,5bcd1591-b5b9-49fc-9f2a-45f31ed1871e,2022-10-17T12:37:41.433Z
1,"Lucky Offering",neo,"Kamigawa: Neon Dynasty",27,nonfoil,€0.09,common,24bbdeb0-9165-4874-a853-d19c20c250ef,2022-09-15T09:58:08.860Z
1,"Lucky Offering",neo,"Kamigawa: Neon Dynasty",27,nonfoil,€0.09,common,24bbdeb0-9165-4874-a853-d19c20c250ef,2022-09-15T09:58:08.860Z
1,"Corrupt Court Official",snc,"Streets of New Capenna",70,nonfoil,€0.02,common,505c6215-4006-4c4f-897a-be051cb73fa7,2022-09-15T09:58:08.858Z
2,"Bane's Invoker",clb,"Commander Legends: Battle for Baldur's Gate",7,nonfoil,€0.08,common,2164a728-131f-41ce-9346-8036c86543e2,2022-09-15T09:58:08.857Z
2,"Lava Serpent",iko,"Ikoria: Lair of Behemoths",124,nonfoil,€0.05,common,00ebd57f-7f7c-41b0-aa56-511c1816bc14,2022-09-15T09:58:08.860Z
1,"Haunting Imitation",voc,"Crimson Vow Commander",13,nonfoil,€0.18,rare,8418fd80-2c92-40d4-87de-0c149f6815bc,2022-09-15T09:58:08.856Z
1,"Fable of the Mirror-Breaker // Reflection of Kiki-Jiki",neo,"Kamigawa: Neon Dynasty",357,nonfoil,€24.34,rare,0b696cd1-0d72-4df5-bacc-dc77e62f9a13,2022-09-15T09:58:08.859Z
1,"Fable of the Mirror-Breaker // Reflection of Kiki-Jiki",neo,"Kamigawa: Neon Dynasty",357,nonfoil,€24.34,rare,0b696cd1-0d72-4df5-bacc-dc77e62f9a13,2022-09-15T09:58:08.859Z
1,"Xyris, the Writhing Storm",dmc,"Dominaria United Commander",175,nonfoil,€0.39,mythic,af0db1d6-5cb1-4917-8e8f-69d5dc184404,2022-10-17T13:22:46.522Z
2,"Commander's Sphere",dmc,"Dominaria United Commander",181,nonfoil,€0.11,common,e6458206-bfbd-4f4c-b2cf-e2853a939d50,2022-10-17T12:37:41.372Z
1,"Commander's Sphere",khc,"Kaldheim Commander",99,nonfoil,€0.09,common,443c9ff1-8b30-4c19-9011-17de40659442,2022-09-15T09:58:08.855Z
1,"Commander's Sphere",znc,"Zendikar Rising Commander",109,nonfoil,€0.13,common,d850a93f-09ad-4c04-85d1-3a9e3652cd23,2022-09-15T09:58:08.855Z
1,"Commander's Sphere",voc,"Crimson Vow Commander",163,nonfoil,€0.13,common,55ac2ca9-b6cf-453a-9d8b-8b7be5695f1e,2022-09-15T09:58:08.856Z
1,"Commander's Sphere",voc,"Crimson Vow Commander",163,nonfoil,€0.13,common,55ac2ca9-b6cf-453a-9d8b-8b7be5695f1e,2022-09-15T09:58:08.856Z
3,"Almighty Brushwagg",iko,"Ikoria: Lair of Behemoths",143,nonfoil,€0.09,common,71f2b7ac-8742-468d-b6a3-87881cb522ff,2022-09-15T09:58:08.856Z
2,"Relic Robber",znr,"Zendikar Rising",153,nonfoil,€0.11,rare,4540205c-eee8-4db3-8757-710de874b313,2022-09-15T09:58:08.855Z
1,"Woodland Chasm",khm,"Kaldheim",274,nonfoil,€0.71,common,b2dd0b71-5a60-418c-82fc-f13d1b5075d0,2022-09-15T09:58:08.864Z
1,"Poison-Tip Archer",khc,"Kaldheim Commander",90,nonfoil,€1.72,uncommon,1677d49e-3d63-45bd-9849-01b1bdd95ad8,2022-09-15T09:58:08.856Z
1,"Hero's Blade",dmc,"Dominaria United Commander",186,nonfoil,€0.09,uncommon,792600fb-7e8b-4a0f-8a59-93b00d4509ce,2022-10-17T12:37:41.389Z
1,"Ritual Guardian",mid,"Innistrad: Midnight Hunt",30,nonfoil,€0.04,common,f077f07e-4660-4483-b6ea-16cca0956892,2022-09-15T09:58:08.862Z
1,"Twilight Drover",voc,"Crimson Vow Commander",100,nonfoil,€0.23,rare,ef2bb440-87b7-4d3d-9b37-2f1ebaca4b3f,2022-09-15T09:58:08.856Z
1,"Pirate's Cutlass",xln,"Ixalan",242,nonfoil,€0.05,common,b3e7e871-19cf-486d-bacb-1499fe066974,2022-09-15T09:58:08.861Z
1,"Pirate's Cutlass",cmr,"Commander Legends",333,nonfoil,€0.07,common,c5dc0635-0cc4-419e-ab64-c07a69f34f75,2022-09-15T09:58:08.861Z
1,"Crop Rotation",c20,"Commander 2020",169,nonfoil,€1.11,common,4a61749d-a2e5-4da4-96db-e49cbac05d73,2022-09-15T09:58:08.858Z
1,"Kaya, Geist Hunter",vow,"Innistrad: Crimson Vow",240,nonfoil,€2.45,mythic,a98a208c-ee2b-4672-a43b-f4a708585b1a,2022-09-15T09:58:08.860Z
2,"Feral Prowler",hou,"Hour of Devastation",115,nonfoil,€0.03,common,ba0431ad-185a-4917-b994-e58dd9850f5e,2022-09-15T09:58:08.859Z
2,"Merrow Reejerey",lrw,"Lorwyn",74,nonfoil,€0.79,uncommon,b57434d9-6fa5-43a6-98b9-044d2259d699,2022-09-15T09:58:08.860Z
1,"Go-Shintai of Hidden Cruelty",neo,"Kamigawa: Neon Dynasty",97,nonfoil,€0.30,uncommon,45e1ff1e-916b-4455-84cb-4125a79d76de,2022-09-15T09:58:08.859Z
1,"Go-Shintai of Hidden Cruelty",neo,"Kamigawa: Neon Dynasty",97,nonfoil,€0.30,uncommon,45e1ff1e-916b-4455-84cb-4125a79d76de,2022-09-15T09:58:08.859Z
2,"Thirst for Knowledge",neo,"Kamigawa: Neon Dynasty",85,nonfoil,€0.06,uncommon,6b927837-8252-4ea7-b2d0-ab624de65bd7,2022-09-15T09:58:08.863Z
3,"Negate",znr,"Zendikar Rising",71,nonfoil,€0.11,common,e92c7477-d453-4fa4-acf4-3835ab9eb55a,2022-09-15T09:58:08.855Z
1,"Negate",aer,"Aether Revolt",40,nonfoil,€0.07,common,cb142515-0856-441d-84d4-9c9d450a86e9,2022-09-15T09:58:08.861Z
1,"Negate",m20,"Core Set 2020",69,nonfoil,€0.10,common,33b83158-78b4-425e-8379-be3ef038295c,2022-09-15T09:58:08.861Z
2,"Negate",dmu,"Dominaria United",58,nonfoil,€0.08,common,4016c6f7-7cb4-46c2-af73-3bd6d682ea5e,2022-10-11T11:30:03.944Z
1,"Soaring Drake",dmu,"Dominaria United",66,nonfoil,€0.02,common,0b0979f9-aae3-4fc7-beae-c8c6637ae596,2022-10-11T11:30:03.944Z
1,"Anje's Ravager",voc,"Crimson Vow Commander",141,nonfoil,€0.73,rare,4230560e-51b2-459d-86b9-8509a8b5b99d,2022-09-15T09:58:08.856Z
1,"Gift of Wrath",neo,"Kamigawa: Neon Dynasty",143,foil,€0.10,common,3c33f6d9-be29-4698-96f9-d393a2c8ad68,2022-09-15T09:58:08.859Z
1,"Gift of Wrath",neo,"Kamigawa: Neon Dynasty",143,foil,€0.10,common,3c33f6d9-be29-4698-96f9-d393a2c8ad68,2022-09-15T09:58:08.859Z
1,"Rumbling Ruin",rna,"Ravnica Allegiance",112,nonfoil,€0.06,uncommon,71fe7057-de70-456d-8f33-f64652447bdd,2022-09-15T09:58:08.862Z
1,"Jace's Scrutiny",soi,"Shadows over Innistrad",70,nonfoil,€0.05,common,3d0eea0d-c790-4d91-962f-f05b22d0c8fa,2022-09-15T09:58:08.860Z
1,"Emrakul's Evangel",emn,"Eldritch Moon",156,nonfoil,€0.24,rare,51c21822-972f-4c20-ac3b-80ba9af101c5,2022-11-08T10:19:41.853Z
1,"Goblin Firebomb",bro,"The Brothers' War",235,nonfoil,€0.08,common,0ba00d0f-0ea5-417c-a792-06b3b9d1c8f1,2023-04-11T13:49:14.808Z
1,"Bird",tdmu,"Dominaria United Tokens",2,nonfoil,€0.00,common,5f3034f6-145f-4e60-9e55-c4054fd8e70f,2022-10-11T11:30:03.944Z
1,"Bird",tdmu,"Dominaria United Tokens",2,nonfoil,€0.00,common,5f3034f6-145f-4e60-9e55-c4054fd8e70f,2022-10-11T11:30:03.944Z
1,"Clip Wings",soi,"Shadows over Innistrad",197,nonfoil,€0.06,common,f2835993-6c71-4a63-bad5-cb25aedc4a15,2022-09-15T09:58:08.858Z
1,"Visions of Ruin",mic,"Midnight Hunt Commander",36,nonfoil,€0.45,rare,803a93c7-d8e4-4cda-8fa0-d9cd50b7d977,2022-09-15T09:58:08.864Z
1,"Ghastly Demise",cmr,"Commander Legends",129,nonfoil,€0.06,common,7fcfe11a-fcc9-41e1-91ef-755bb4e22389,2022-09-15T09:58:08.854Z
1,"Stolen Identity",znc,"Zendikar Rising Commander",37,nonfoil,€0.14,rare,a63a6da6-60f0-4adc-a10f-63c631ee5be3,2022-09-15T09:58:08.855Z
1,"Empty the Warrens",dmr,"Dominaria Remastered",118,nonfoil,€0.15,common,939d765a-aefb-4393-8808-98b1bbd7e803,2023-04-11T13:49:14.808Z
1,"Pillardrop Rescuer",stx,"Strixhaven: School of Mages",23,nonfoil,€0.04,common,0884666e-8f9b-44b1-a1e3-c1c8941e2152,2022-09-15T09:58:08.861Z
1,"Grasslands",dmc,"Dominaria United Commander",214,nonfoil,€0.14,uncommon,60bef70c-ded1-4645-8c6d-3f9ad032957f,2022-10-17T13:22:46.463Z
1,"Cloudblazer",khc,"Kaldheim Commander",84,nonfoil,€0.17,uncommon,edab81f0-dd20-45bd-946d-75b682e1d3d0,2022-09-15T09:58:08.855Z
1,"Bellowing Aegisaur",xln,"Ixalan",4,nonfoil,€0.10,uncommon,c3e3b6c5-fd30-4d45-a122-ce60d5707357,2022-09-15T09:58:08.857Z
2,"Honeymoon Hearse",vow,"Innistrad: Crimson Vow",160,nonfoil,€0.10,uncommon,04e491a1-b195-45bb-bf06-345eaee30b81,2022-09-15T09:58:08.860Z
2,"Reckoner's Bargain",neo,"Kamigawa: Neon Dynasty",120,nonfoil,€0.58,common,6338942d-d650-4571-8ec6-4d658792c53e,2022-09-15T09:58:08.861Z
1,"Reckoner's Bargain",neo,"Kamigawa: Neon Dynasty",120,nonfoil,€0.58,common,6338942d-d650-4571-8ec6-4d658792c53e,2022-09-15T09:58:08.861Z
2,"Alley Evasion",aer,"Aether Revolt",6,nonfoil,€0.12,common,bc10173d-25ff-4734-b8f2-84f94fe52b17,2022-09-15T09:58:08.856Z
1,"Jungle Shrine",dmc,"Dominaria United Commander",215,nonfoil,€0.30,uncommon,e01e4661-29d8-466d-8045-37e14b88ea1c,2022-10-17T13:22:46.471Z
1,"Jungle Shrine",znc,"Zendikar Rising Commander",132,nonfoil,€0.35,uncommon,57e7fedd-3e02-462d-b13e-32c34eedd069,2022-09-15T09:58:08.855Z
2,"Aeronaut Admiral",aer,"Aether Revolt",2,nonfoil,€0.18,uncommon,ff15c06c-160d-4960-92d5-6f8e7b33f051,2022-09-15T09:58:08.856Z
2,"Fortuitous Find",kld,"Kaladesh",81,nonfoil,€0.17,common,7706bbb1-c94a-4169-9f12-a54cfcc3a7ad,2022-09-15T09:58:08.859Z
1,"By Invitation Only",vow,"Innistrad: Crimson Vow",346,nonfoil,€1.06,rare,ab11a4db-5504-4f52-9c2f-eae05a0a8415,2022-09-15T09:58:08.857Z
1,"Slimefoot's Survey",dmu,"Dominaria United",178,foil,€0.11,uncommon,622f96fc-179a-4ff6-95a5-de721492f7eb,2022-11-08T10:17:21.892Z
1,"Temple of Enlightenment",voc,"Crimson Vow Commander",185,nonfoil,€0.35,rare,f68f08ae-f560-4310-89f9-d38986903bd6,2022-09-15T09:58:08.856Z
3,"Temple of Enlightenment",thb,"Theros Beyond Death",246,nonfoil,€0.21,rare,adad8390-66d8-4022-a059-c68e44e718fe,2022-09-15T09:58:08.855Z
1,"Nine-Fingers Keene",clb,"Commander Legends: Battle for Baldur's Gate",289,nonfoil,€0.23,rare,5480ac0a-883a-4f73-8e7c-56d64be410a3,2022-09-15T09:58:08.861Z
2,"Pore Over the Pages",soi,"Shadows over Innistrad",79,nonfoil,€0.11,uncommon,b2288f7b-05b1-4a6c-8d02-42ffcadc6f0b,2022-09-15T09:58:08.861Z
1,"Stronghold Arena",dmu,"Dominaria United",110,nonfoil,€0.04,rare,fb64b0a7-3e9a-490f-bf02-c62fc8cf750d,2022-10-11T11:30:03.944Z
1,"Ajani, Valiant Protector",aer,"Aether Revolt",185,foil,€2.49,mythic,791fdd9a-0ab6-4db9-84f9-859d2d862518,2022-09-15T09:58:08.856Z
1,"Public Enemy",snc,"Streets of New Capenna",55,nonfoil,€0.14,uncommon,0e69ba61-8c16-4112-9601-fac978b88667,2022-09-15T09:58:08.861Z
1,"Suit Up",neo,"Kamigawa: Neon Dynasty",81,nonfoil,€0.03,common,50870bfd-7779-4a1c-b18f-57fac7e193b1,2022-09-15T09:58:08.863Z
1,"Citizen's Arrest",dmu,"Dominaria United",11,nonfoil,€0.04,common,9806370b-51e3-4144-a847-6b367fb937ef,2022-11-08T10:17:21.892Z
1,"Citizen's Arrest",dmu,"Dominaria United",11,foil,€0.06,common,9806370b-51e3-4144-a847-6b367fb937ef,2022-10-11T11:30:03.944Z
1,"Foundry Inspector",brr,"The Brothers' War Retro Artifacts",16,nonfoil,€0.11,uncommon,9a0bd043-ae62-41fe-a33b-989acd89b175,2023-04-11T13:49:14.808Z
1,"Foundry Inspector",cmr,"Commander Legends",310,nonfoil,€0.13,common,cca62547-7dd3-4bb7-be5f-92c4fa51904d,2022-09-15T09:58:08.854Z
1,"Sage of Shaila's Claim",kld,"Kaladesh",168,nonfoil,€0.04,common,0987d29a-2043-4341-89d5-5e34bb6507e2,2022-09-15T09:58:08.862Z
1,"Thran Power Suit",bro,"The Brothers' War",253,nonfoil,€0.19,uncommon,17bfb8c5-9105-41e4-a58f-9c9eee32b18a,2023-04-11T13:49:14.808Z
1,"Raise the Draugr",khm,"Kaldheim",105,nonfoil,€0.14,common,1a67c196-632c-4c7b-a132-de07d894e634,2022-09-15T09:58:08.861Z
1,"O-Kagachi, Vengeful Kami",dmc,"Dominaria United Commander",164,nonfoil,€0.72,mythic,07a42ae6-c2ca-4028-a364-70c19ce125b3,2022-10-17T13:22:46.490Z
1,"Squirrel Sanctuary",mh2,"Modern Horizons 2",174,nonfoil,€0.07,uncommon,ed6ab503-5e9a-4339-a0e7-a909b2908f41,2022-11-08T10:19:41.854Z
1,"Josu Vess, Lich Knight",dmc,"Dominaria United Commander",113,nonfoil,€0.14,rare,0beb8de5-e54d-4642-b2e4-0e3ffbaa2435,2022-10-17T12:37:41.393Z
1,"Old-Growth Dryads",xln,"Ixalan",199,nonfoil,€0.08,rare,06458882-94c8-4d92-a21c-955e9d70f0d4,2022-09-15T09:58:08.861Z
1,"Dig Up the Body",snc,"Streets of New Capenna",76,nonfoil,€0.05,common,902abe4d-5c19-4c96-b825-e6cd4d954a84,2022-09-15T09:58:08.858Z
1,"Migratory Route",khc,"Kaldheim Commander",87,nonfoil,€0.09,uncommon,ae79df80-b1f0-4035-807d-0364208dbd75,2022-09-15T09:58:08.855Z
1,"Chatterstorm",mh2,"Modern Horizons 2",152,nonfoil,€0.11,common,b34f0ac1-6894-4761-b62c-b85d927acf09,2022-09-15T09:58:08.857Z
1,"Courser of Kruphix",bng,"Born of the Gods",119,nonfoil,€0.99,rare,da5a807f-58e8-4d92-a61c-47bb9b28977f,2022-09-15T09:58:08.858Z
1,"Sphinx of the Guildpact",rna,"Ravnica Allegiance",241,nonfoil,€0.07,uncommon,3d30399e-2ecb-4de2-b830-673a3f059197,2022-09-15T09:58:08.862Z
1,"Ornithopter",aer,"Aether Revolt",167,nonfoil,€0.17,uncommon,ddb96645-44d2-426c-90cb-3186297a8728,2022-09-15T09:58:08.861Z
1,"Ornithopter",aer,"Aether Revolt",167,nonfoil,€0.17,uncommon,ddb96645-44d2-426c-90cb-3186297a8728,2022-09-15T09:58:08.861Z
1,"Ornithopter",dmr,"Dominaria Remastered",233,nonfoil,€0.12,common,305078a5-ac18-4721-bba2-3434eba5b1cf,2023-04-11T13:49:14.808Z
1,"Defend the Celestus",mid,"Innistrad: Midnight Hunt",182,nonfoil,€0.03,uncommon,c11e4420-06f3-48e2-91d1-a9199483add2,2022-09-15T09:58:08.858Z
1,"Izzet Boilerworks",c20,"Commander 2020",283,nonfoil,€0.15,uncommon,2d96b00c-8b73-4b4a-b784-4c7e779f8fd7,2022-09-15T09:58:08.860Z
1,"Saiba Trespassers",neo,"Kamigawa: Neon Dynasty",77,nonfoil,€0.05,common,c3dd7f1a-5d43-4218-a9d8-7cc4f6a18ecd,2022-09-15T09:58:08.862Z
3,"Saiba Trespassers",neo,"Kamigawa: Neon Dynasty",77,nonfoil,€0.05,common,c3dd7f1a-5d43-4218-a9d8-7cc4f6a18ecd,2022-09-15T09:58:08.862Z
1,"Primevals' Glorious Rebirth",dmc,"Dominaria United Commander",165,nonfoil,€0.48,rare,e11471f9-6bf4-4b31-8eb6-f5f9e8abd797,2022-10-17T12:37:41.414Z
1,"Heiko Yamazaki, the General",neo,"Kamigawa: Neon Dynasty",321,foil,€0.16,uncommon,c91040c0-f025-4843-8c0e-3ac1b76c8582,2022-09-15T09:58:08.859Z
1,"Heiko Yamazaki, the General",neo,"Kamigawa: Neon Dynasty",321,nonfoil,€0.10,uncommon,c91040c0-f025-4843-8c0e-3ac1b76c8582,2022-09-15T09:58:08.859Z
1,"Heiko Yamazaki, the General",neo,"Kamigawa: Neon Dynasty",321,foil,€0.16,uncommon,c91040c0-f025-4843-8c0e-3ac1b76c8582,2022-09-15T09:58:08.859Z
1,"Murder",m20,"Core Set 2020",109,nonfoil,€0.08,common,6a2b22bc-e81b-4f27-a52b-9f3edad25439,2022-09-15T09:58:08.861Z
1,"Murder",emn,"Eldritch Moon",97,nonfoil,€0.08,uncommon,0f2eb849-b3ab-4d26-86c5-235c8161cf2a,2022-09-15T09:58:08.861Z
1,"Murder",znc,"Zendikar Rising Commander",47,nonfoil,€0.08,common,0b5579cf-4e3f-4b65-a253-465459f3da81,2022-09-15T09:58:08.855Z
1,"Murder",cmr,"Commander Legends",134,foil,€0.15,common,440bfb8c-f29a-4c11-9fcb-ee935dead03f,2022-09-15T09:58:08.855Z
1,"Murder",snc,"Streets of New Capenna",88,nonfoil,€0.07,common,1c13ac76-7cd9-456f-9b89-92bfa07c64c5,2022-09-15T09:58:08.861Z
1,"Lull",dmr,"Dominaria Remastered",169,nonfoil,€0.07,common,3d24540d-28e6-4e49-acd4-216b1ef27e7f,2023-04-11T13:49:14.808Z
1,"Lull",dmr,"Dominaria Remastered",345,nonfoil,€0.00,common,8f9cbb7f-8745-4ec4-8d8a-efd1f7e93b1e,2023-04-11T13:49:14.808Z
1,"Spectral Shepherd",voc,"Crimson Vow Commander",98,nonfoil,€0.12,uncommon,6eb29718-0bdf-4a8e-9d5c-9e3f486762cc,2022-09-15T09:58:08.856Z
1,"Heartless Pillage",xln,"Ixalan",109,nonfoil,€0.05,uncommon,c5e791ce-1380-4de0-b314-246ea6dfc3cc,2022-09-15T09:58:08.859Z
2,"Squirrel",tmh2,"Modern Horizons 2 Tokens",11,nonfoil,€0.00,common,977ddd05-1aae-46fc-95ce-866710d1c5c6,2022-09-15T09:58:08.863Z
1,"Braids, Cabal Minion",mh2,"Modern Horizons 2",273,nonfoil,€0.06,rare,27691efa-052d-4afe-b9ef-159858ca660f,2022-09-15T09:58:08.857Z
1,"Glacial Floodplain",khm,"Kaldheim",257,nonfoil,€0.21,common,9de5fadd-4559-479f-b45d-abe792f0f6e5,2022-09-15T09:58:08.855Z
1,"Valakut Exploration",znr,"Zendikar Rising",175,nonfoil,€0.69,rare,18cb7bf6-9c7c-4e62-a678-7b75862e2f64,2022-09-15T09:58:08.864Z
2,"Lucid Dreams",mh2,"Modern Horizons 2",50,nonfoil,€0.08,uncommon,98aeda3d-3741-4b80-bfef-63bcc599d75b,2022-09-15T09:58:08.860Z
2,"Shatterskull Smashing // Shatterskull, the Hammer Pass",znr,"Zendikar Rising",161,nonfoil,€6.82,mythic,bc7239ea-f8aa-4a6f-87bd-c35359635673,2022-09-15T09:58:08.855Z
1,"Galedrifter // Waildrifter",mid,"Innistrad: Midnight Hunt",55,nonfoil,€0.03,common,eb34c472-c6ff-4d83-ac8b-a8f279593f98,2022-09-15T09:58:08.859Z
4,"Galedrifter // Waildrifter",mid,"Innistrad: Midnight Hunt",55,nonfoil,€0.03,common,eb34c472-c6ff-4d83-ac8b-a8f279593f98,2022-09-15T09:58:08.859Z
1,"Acidic Slime",znc,"Zendikar Rising Commander",59,nonfoil,€0.10,uncommon,2baac648-a789-403f-a490-a6f6c65f5eb5,2022-09-15T09:58:08.855Z
1,"Yavimaya Coast",pdmu,"Dominaria United Promos",261p,nonfoil,€0.81,rare,2224d17c-4d82-44c4-8149-d55a44e16694,2022-09-15T09:58:08.864Z
1,"Jade Guardian",xln,"Ixalan",194,nonfoil,€0.11,common,aca83e48-6e32-477f-8714-6103e77c06df,2022-09-15T09:58:08.860Z
1,"Reclamation Sage",khc,"Kaldheim Commander",72,nonfoil,€0.18,uncommon,1c4a25f0-2929-4404-9ce5-bcd4715f90a5,2022-09-15T09:58:08.856Z
1,"Reclamation Sage",cmr,"Commander Legends",248,nonfoil,€0.15,uncommon,b800bb44-3594-4fb7-b007-10732632b51a,2022-09-15T09:58:08.861Z
1,"Watertrap Weaver",xln,"Ixalan",87,nonfoil,€0.05,common,0d973568-d7b0-443f-a09d-44f6b02da5d4,2022-09-15T09:58:08.864Z
1,"Fire Diamond",voc,"Crimson Vow Commander",164,nonfoil,€0.14,common,5df5e4e9-b52a-454f-b28d-c12430a952bd,2022-09-15T09:58:08.856Z
1,"Third Path Iconoclast",bro,"The Brothers' War",223,nonfoil,€0.95,uncommon,f1a21287-e244-4960-84fb-c4f6e5c346d9,2023-04-11T13:49:14.808Z
1,"Chrome Cat",snc,"Streets of New Capenna",236,nonfoil,€0.10,common,85da50ba-2061-40f0-b3af-950b87f812cd,2022-09-15T09:58:08.857Z
1,"Costly Plunder",xln,"Ixalan",96,nonfoil,€0.18,common,c3f1f41e-98fc-4f6b-b287-c8899dff8ab0,2022-09-15T09:58:08.858Z
4,"Discerning Taste",mh2,"Modern Horizons 2",82,nonfoil,€0.15,common,9f395828-9d6d-4ffa-be92-b681350031b0,2022-09-15T09:58:08.858Z
1,"Radha, Heart of Keld",m21,"Core Set 2021",224,nonfoil,€0.66,rare,2bbd37b1-49cb-4295-9a1f-fb85368a8f12,2022-09-15T09:58:08.861Z
1,"Trove Warden",znc,"Zendikar Rising Commander",3,nonfoil,€0.30,rare,3336593c-c83c-48e7-9173-2c2b74b94d3b,2022-09-15T09:58:08.855Z
1,"Nezumi Bladeblesser",neo,"Kamigawa: Neon Dynasty",318,nonfoil,€0.04,common,317bdf0d-df7d-4ca2-8131-060ba7cf2602,2022-09-15T09:58:08.861Z
1,"Nezumi Bladeblesser",neo,"Kamigawa: Neon Dynasty",115,nonfoil,€0.06,common,9a03d3f5-b32b-4814-b485-25f24e51609c,2022-09-15T09:58:08.861Z
1,"Nezumi Bladeblesser",neo,"Kamigawa: Neon Dynasty",115,nonfoil,€0.06,common,9a03d3f5-b32b-4814-b485-25f24e51609c,2022-09-15T09:58:08.861Z
2,"Caves of Koilos",dmu,"Dominaria United",244,nonfoil,€0.73,rare,99264beb-2149-4cd4-9880-f0dc5c570c1b,2022-10-17T12:37:41.368Z
1,"Cult Conscript",dmu,"Dominaria United",88,nonfoil,€0.19,uncommon,fed77513-94ab-44e2-b9a1-30ba927cd6ee,2022-10-11T11:30:03.944Z
1,"Cult Conscript",dmu,"Dominaria United",88,nonfoil,€0.19,uncommon,fed77513-94ab-44e2-b9a1-30ba927cd6ee,2022-10-11T11:30:03.944Z
4,"Run Amok",khm,"Kaldheim",147,nonfoil,€0.07,common,44c8136f-2826-476c-a103-7094670506a6,2022-09-15T09:58:08.862Z
1,"Shivan Dragon",w16,"Welcome Deck 2016",13,nonfoil,€0.09,rare,ca25d8fe-93b3-4d2c-96df-ca6e4f528543,2022-09-15T09:58:08.862Z
1,"Supreme Phantom",voc,"Crimson Vow Commander",115,nonfoil,€0.55,rare,cbf4ca25-73cc-45ba-bed5-dbaa517e8bb8,2022-09-15T09:58:08.856Z
1,"Forgotten Ancient",dmr,"Dominaria Remastered",161,nonfoil,€0.25,rare,6d79e492-993e-4305-bff2-b45f6b2536c8,2023-04-11T13:49:14.808Z
3,"Faithless Salvaging",mh2,"Modern Horizons 2",122,nonfoil,€0.04,common,c6ed4077-4ed5-48fb-91c9-a9195d652978,2022-09-15T09:58:08.859Z
1,"Break Asunder",dmr,"Dominaria Remastered",152,nonfoil,€0.02,common,80f334d2-d450-4a36-9b2e-ce81297b22e3,2023-04-11T13:49:14.808Z
3,"Dispersal Technician",aer,"Aether Revolt",32,nonfoil,€0.02,common,5d93a915-ffea-4f50-88ac-2b3253f7dfdf,2022-09-15T09:58:08.858Z
1,"Harmonize",znc,"Zendikar Rising Commander",68,nonfoil,€0.22,uncommon,35c74267-2c54-4883-b96a-5e912e5bde32,2022-09-15T09:58:08.855Z
1,"Nirkana Revenant",voc,"Crimson Vow Commander",134,nonfoil,€4.14,mythic,96da0a4c-2865-4383-875a-9f5d6503baee,2022-09-15T09:58:08.856Z
1,"Silver Bolt",mid,"Innistrad: Midnight Hunt",258,nonfoil,€0.02,common,eb2c05a8-db56-4397-9b6c-5accb2d3f81f,2022-09-15T09:58:08.862Z
1,"Salivating Gremlins",kld,"Kaladesh",129,nonfoil,€0.09,common,b1e0187a-438f-407c-a0ef-f62517c44994,2022-09-15T09:58:08.862Z
1,"Canopy Tactician",khm,"Kaldheim",378,nonfoil,€1.15,rare,3eaf48c9-09bc-4d81-a3a5-432219a71754,2022-09-15T09:58:08.856Z
1,"Piercing Light",vow,"Innistrad: Crimson Vow",30,nonfoil,€0.03,common,54cc4e2b-1497-4788-afb4-9e42b7683b5a,2022-09-15T09:58:08.861Z
1,"Giant Cindermaw",bro,"The Brothers' War",136,nonfoil,€0.08,uncommon,1349465f-d29f-4d4b-a653-f4388574c336,2023-04-11T13:49:14.808Z
1,"Giant Cindermaw",bro,"The Brothers' War",136,foil,€0.16,uncommon,1349465f-d29f-4d4b-a653-f4388574c336,2023-04-11T13:49:14.808Z
1,"Kami of Terrible Secrets",neo,"Kamigawa: Neon Dynasty",105,nonfoil,€0.05,common,58f15af6-eaf5-41b8-b93d-5a90ca219478,2022-09-15T09:58:08.860Z
1,"Obsidian Obelisk",dmc,"Dominaria United Commander",18,nonfoil,€0.25,rare,2dcf9804-ccd6-4a03-90ca-088388800e7f,2022-10-17T13:22:46.489Z
1,"Seven-Tail Mentor",neo,"Kamigawa: Neon Dynasty",313,nonfoil,€0.04,common,267efff1-cbe6-40b0-959e-72b81cbda1d0,2022-09-15T09:58:08.862Z
1,"Seven-Tail Mentor",neo,"Kamigawa: Neon Dynasty",313,nonfoil,€0.04,common,267efff1-cbe6-40b0-959e-72b81cbda1d0,2022-09-15T09:58:08.862Z
1,"Seven-Tail Mentor",neo,"Kamigawa: Neon Dynasty",36,nonfoil,€0.04,common,9d77d1e6-c804-46f7-ba00-6df6bca2ae08,2022-09-15T09:58:08.862Z
1,"Seven-Tail Mentor",neo,"Kamigawa: Neon Dynasty",36,nonfoil,€0.04,common,9d77d1e6-c804-46f7-ba00-6df6bca2ae08,2022-09-15T09:58:08.862Z
1,"Maned Serval",iko,"Ikoria: Lair of Behemoths",23,nonfoil,€0.05,common,5ac51e35-e2c5-4457-981c-e59894584288,2022-09-15T09:58:08.860Z
3,"Archon of Sun's Grace",thb,"Theros Beyond Death",3,nonfoil,€0.42,rare,235e5999-e8e5-4093-adff-9d47aec70d10,2022-09-15T09:58:08.855Z
1,"Kogla, the Titan Ape",iko,"Ikoria: Lair of Behemoths",162,foil,€1.94,rare,3c35ca79-eb72-427a-a8ed-404b2214389a,2022-09-15T09:58:08.860Z
3,"Gloom Pangolin",iko,"Ikoria: Lair of Behemoths",89,nonfoil,€0.06,common,3f135dd7-2a4f-4c83-9a90-76bcab3cc33d,2022-09-15T09:58:08.859Z
1,"Ratadrabik of Urborg",pdmu,"Dominaria United Promos",213s,foil,€0.93,rare,402b5784-7711-45e4-9484-2920fcc2b808,2022-09-15T09:58:08.861Z
1,"Escape to the Wilds",eld,"Throne of Eldraine",189,nonfoil,€0.27,rare,3e26c10b-179f-4a6e-bc8d-3ec1d6783fb9,2022-09-15T09:58:08.859Z
2,"Rescue Retriever",bro,"The Brothers' War",288,nonfoil,€0.00,rare,598def2c-003c-4aa4-ac7c-44ffd9639fdc,2023-04-11T13:49:14.808Z
1,"Hero of Precinct One",dmc,"Dominaria United Commander",101,nonfoil,€0.21,rare,4564f7b4-4fa3-40a3-88e8-2f1cfd15461c,2022-10-17T13:22:46.465Z
1,"Karoo",vis,"Visions",165,nonfoil,€0.29,uncommon,d786815c-53ec-483e-ad56-382778a57b1a,2022-09-15T09:58:08.860Z
1,"Dovin, Grand Arbiter",voc,"Crimson Vow Commander",153,nonfoil,€0.47,mythic,677c7b08-e80c-49ac-acfd-8feb9cde3c5d,2022-09-15T09:58:08.856Z
3,"Anchor to Reality",neo,"Kamigawa: Neon Dynasty",45,nonfoil,€0.16,uncommon,58141ad0-32ea-4e07-a133-ff7812d58c0e,2022-09-15T09:58:08.857Z
1,"Anchor to Reality",neo,"Kamigawa: Neon Dynasty",45,nonfoil,€0.16,uncommon,58141ad0-32ea-4e07-a133-ff7812d58c0e,2022-09-15T09:58:08.857Z
1,"Anchor to Reality",neo,"Kamigawa: Neon Dynasty",45,foil,€0.29,uncommon,58141ad0-32ea-4e07-a133-ff7812d58c0e,2022-09-15T09:58:08.857Z
1,"Break Ties",mh2,"Modern Horizons 2",8,nonfoil,€0.10,common,723ec2ef-aa82-449d-88b0-405d06454fc2,2022-09-15T09:58:08.857Z
1,"Goblin Bombardment",mh2,"Modern Horizons 2",279,nonfoil,€0.67,rare,e262f55e-9239-4a97-a19e-9b08fb34502e,2022-09-15T09:58:08.859Z
1,"Braids, Arisen Nightmare",dmu,"Dominaria United",84,nonfoil,€3.70,rare,4ff97c69-6a6b-401c-b0a1-55fa81045d19,2022-11-08T10:17:21.892Z
1,"Braids, Arisen Nightmare",dmu,"Dominaria United",288,foil,€4.14,rare,f2559ff7-a97c-40c6-942f-36998eafb050,2022-10-16T18:59:08.770Z
1,"Impede Momentum",dmu,"Dominaria United",54,nonfoil,€0.09,common,259c04f7-86f2-4584-97fb-8278dca9a213,2022-10-11T11:30:03.944Z
1,"Hero of the Dunes",bro,"The Brothers' War",213,nonfoil,€0.10,uncommon,9c6c72d5-f08e-4e46-a5cb-26d1fc0a71c8,2023-04-11T13:49:14.808Z
1,"Fangblade Brigand // Fangblade Eviscerator",mid,"Innistrad: Midnight Hunt",139,nonfoil,€0.09,uncommon,d2feb859-bfae-4bc4-8181-5737dd5c3b08,2022-09-15T09:58:08.859Z
1,"Shineshadow Snarl",stx,"Strixhaven: School of Mages",272,nonfoil,€0.57,rare,84a46ebf-6938-4100-8f5f-0605ad2be4fc,2022-09-15T09:58:08.862Z
1,"Mountain",dmu,"Dominaria United",280,nonfoil,€0.80,common,0aaf15b9-1bf5-424a-a994-67beaae29d36,2022-10-11T11:30:03.944Z
1,"Mountain",vow,"Innistrad: Crimson Vow",275,nonfoil,€0.16,common,a6f72e53-52bb-4cf4-9b8b-34ed0c5f7c3c,2022-09-15T09:58:08.861Z
1,"Mountain",vow,"Innistrad: Crimson Vow",275,nonfoil,€0.16,common,a6f72e53-52bb-4cf4-9b8b-34ed0c5f7c3c,2022-09-15T09:58:08.855Z
1,"Mountain",vow,"Innistrad: Crimson Vow",275,foil,€0.36,common,a6f72e53-52bb-4cf4-9b8b-34ed0c5f7c3c,2022-09-15T09:58:08.861Z
5,"Mountain",eld,"Throne of Eldraine",265,nonfoil,€0.11,common,f3f43c81-10fc-4e08-9070-5453bc5826b4,2022-10-17T12:37:41.402Z
1,"Mountain",neo,"Kamigawa: Neon Dynasty",300,nonfoil,€0.88,common,7d75969d-c932-4b4e-8135-61968228bc32,2022-09-15T09:58:08.861Z
1,"Mountain",vow,"Innistrad: Crimson Vow",274,nonfoil,€0.13,common,8a4448b6-0dbe-427c-b145-8ac915fc0dfc,2022-09-15T09:58:08.855Z
1,"Mountain",mid,"Innistrad: Midnight Hunt",274,nonfoil,€0.13,common,3ba24a61-e529-4490-8536-6276ea77c511,2022-09-15T09:58:08.855Z
2,"Mountain",dmu,"Dominaria United",271,nonfoil,€0.03,common,a82f782e-abc8-4b92-a193-17b2c383f765,2022-10-17T13:22:46.481Z
1,"Pestilent Spirit",rna,"Ravnica Allegiance",81,nonfoil,€0.19,rare,5f9a0387-5116-484b-bb2b-064bd42e7fff,2022-09-15T09:58:08.861Z
1,"Naya Panorama",znc,"Zendikar Rising Commander",136,nonfoil,€0.16,common,4ba615a5-ad3a-4ad1-ab5f-69d7a3e4cf34,2022-09-15T09:58:08.855Z
1,"Furyblade Vampire",emn,"Eldritch Moon",128,nonfoil,€0.09,uncommon,56a957d6-fc14-453a-a250-63fc130e330d,2022-09-15T09:58:08.859Z
1,"Monastery Swiftspear",bro,"The Brothers' War",144,nonfoil,€0.27,uncommon,d6bfa227-4309-40ed-952c-279595eab17e,2023-04-11T13:49:14.808Z
1,"Dragonscale Boon",ktk,"Khans of Tarkir",131,nonfoil,€0.04,common,5aadb382-f912-4ccb-98bc-1abdef733126,2022-09-15T09:58:08.858Z
2,"Colossal Dreadmaw",m21,"Core Set 2021",176,nonfoil,€0.04,common,8059c52b-5d25-4052-b48a-e9e219a7a546,2022-09-15T09:58:08.858Z
1,"Colossal Dreadmaw",xln,"Ixalan",180,nonfoil,€0.09,common,76ac5b70-47db-4cdb-91e7-e5c18c42e516,2022-09-15T09:58:08.858Z
1,"Zephyr Boots",stx,"Strixhaven: School of Mages",261,foil,€0.28,uncommon,4d0566fd-3775-48f1-ba22-6e659558c3d3,2022-09-15T09:58:08.864Z
1,"Sakura-Tribe Scout",sok,"Saviors of Kamigawa",144,nonfoil,€0.71,common,9cbdda50-8a27-4094-849d-b6f66def82ce,2022-09-15T09:58:08.862Z
4,"Fervent Champion",eld,"Throne of Eldraine",124,nonfoil,€0.24,rare,c52d66db-5570-48a1-99cf-e0417517747b,2022-09-15T09:58:08.855Z
4,"The Birth of Meletis",thb,"Theros Beyond Death",5,nonfoil,€0.12,uncommon,d824f8bd-58f8-4796-80b5-5cd3033d35e8,2022-09-15T09:58:08.855Z
1,"Mogg War Marshal",dmr,"Dominaria Remastered",131,nonfoil,€0.10,common,a7f7f39c-94a0-4ccb-b658-23095ada4005,2023-04-11T13:49:14.808Z
1,"Flood Plain",dmc,"Dominaria United Commander",210,nonfoil,€0.17,uncommon,83ccb446-3e8a-436e-99b5-a1b2d57ab72f,2022-10-17T13:22:46.457Z
2,"Sprouting Goblin",dmu,"Dominaria United",145,nonfoil,€0.10,uncommon,602f5370-d096-4765-b612-16bcec3aafa7,2022-10-11T11:30:03.944Z
1,"Evolution Sage",znc,"Zendikar Rising Commander",65,nonfoil,€0.65,uncommon,969bf351-c7df-4eb0-8065-9b8d5233f8f3,2022-09-15T09:58:08.855Z
1,"Expendable Lackey",snc,"Streets of New Capenna",43,nonfoil,€0.04,common,9515329a-0738-4b23-a326-ff417f47da77,2022-09-15T09:58:08.859Z
1,"Subterranean Scout",dmr,"Dominaria Remastered",143,nonfoil,€0.05,common,b9e6c26c-84f8-46dd-bb32-b3fc57e172c0,2023-04-11T13:49:14.808Z
2,"Specter of the Fens",stx,"Strixhaven: School of Mages",87,nonfoil,€0.04,common,73e3cfbc-7177-4bbc-89c4-560c9c2f97db,2022-09-15T09:58:08.862Z
1,"Vampiric Dragon",voc,"Crimson Vow Commander",158,nonfoil,€0.26,rare,6bf8eff8-6b39-4e5e-b8a9-1da53e837809,2022-09-15T09:58:08.856Z
3,"Take into Custody",aer,"Aether Revolt",47,nonfoil,€0.06,common,b412718a-7bc7-4b16-af60-1b955c820b0f,2022-09-15T09:58:08.863Z
1,"Gateway Plaza",rna,"Ravnica Allegiance",247,nonfoil,€0.06,common,3433a2c2-d252-4cd8-97e8-389875b2cda0,2022-09-15T09:58:08.859Z
1,"Devoted Grafkeeper // Departed Soulkeeper",mid,"Innistrad: Midnight Hunt",218,nonfoil,€0.09,uncommon,965e6bd5-dc32-406c-bc99-ceb15be4d3f2,2022-09-15T09:58:08.858Z
1,"Spreading Rot",xln,"Ixalan",125,nonfoil,€0.06,common,ca8a160c-5e89-4347-8e88-3541b6d221e0,2022-09-15T09:58:08.863Z
1,"Tormenting Voice",ktk,"Khans of Tarkir",123,nonfoil,€0.06,common,25af9ac1-a03b-4be7-b726-fb66427b1caa,2022-09-15T09:58:08.863Z
1,"Tormenting Voice",soi,"Shadows over Innistrad",186,nonfoil,€0.09,common,2f5b0a20-2422-465e-b74e-4402b34fb57b,2022-09-15T09:58:08.863Z
1,"Stensia Masquerade",voc,"Crimson Vow Commander",150,nonfoil,€0.17,uncommon,12ea7e21-b500-47cb-807a-a0849038fd56,2022-09-15T09:58:08.856Z
1,"Feed the Swarm",voc,"Crimson Vow Commander",129,nonfoil,€0.28,common,5f782dca-4e1b-4b02-81c7-9df633053e78,2022-09-15T09:58:08.856Z
1,"Without Weakness",hou,"Hour of Devastation",81,nonfoil,€0.12,common,d6695fa8-881c-407c-91d9-3ac770372d35,2022-09-15T09:58:08.864Z
3,"Aether Herder",aer,"Aether Revolt",102,nonfoil,€0.09,common,e8744a31-451b-4349-8f62-e2392a72a154,2022-09-15T09:58:08.856Z
2,"Field Research",znr,"Zendikar Rising",58,nonfoil,€0.09,common,a48c3a2f-678b-4e70-a53f-258457d88d29,2022-09-15T09:58:08.859Z
1,"Crumbling Necropolis",dmc,"Dominaria United Commander",205,nonfoil,€0.19,uncommon,4e9a9525-762a-4efd-82fe-184814543aef,2022-10-17T13:22:46.444Z
6,"Stone Quarry",kld,"Kaladesh",269,nonfoil,€0.38,common,8214a439-b388-4f41-a897-725e56d23fe8,2022-09-15T09:58:08.863Z
1,"Merfolk Windrobber",znr,"Zendikar Rising",70,nonfoil,€0.10,uncommon,112077b8-1514-4320-a70f-b23f3c7ce18a,2022-09-15T09:58:08.855Z
4,"Merfolk Windrobber",znr,"Zendikar Rising",70,nonfoil,€0.10,uncommon,112077b8-1514-4320-a70f-b23f3c7ce18a,2022-09-15T09:58:08.855Z
2,"Take Inventory",emn,"Eldritch Moon",76,nonfoil,€0.11,common,a3584150-4f09-4c15-b13e-707bd91b3004,2022-09-15T09:58:08.863Z
1,"Mammoth Growth",khm,"Kaldheim",183,nonfoil,€0.03,common,0e55041f-69a5-4bcf-899f-a4b44c208b4d,2022-09-15T09:58:08.860Z
1,"Molting Snakeskin",ktk,"Khans of Tarkir",80,nonfoil,€0.14,common,b781cbcf-dbba-41c1-be02-2396b824a217,2022-09-15T09:58:08.860Z
3,"Rakdos Guildgate",rna,"Ravnica Allegiance",255,nonfoil,€0.06,common,26f7e55d-d4c9-4755-ab87-a592ba3fb64f,2022-09-15T09:58:08.861Z
3,"Ram Through",iko,"Ikoria: Lair of Behemoths",170,nonfoil,€0.16,common,ac0b24e7-14e7-45ee-b5d8-bdb8674b669c,2022-09-15T09:58:08.861Z
1,"Ram Through",iko,"Ikoria: Lair of Behemoths",170,nonfoil,€0.16,common,ac0b24e7-14e7-45ee-b5d8-bdb8674b669c,2022-09-15T09:58:08.861Z
4,"Ram Through",iko,"Ikoria: Lair of Behemoths",170,nonfoil,€0.16,common,ac0b24e7-14e7-45ee-b5d8-bdb8674b669c,2022-09-15T09:58:08.855Z
1,"Ogre Slumlord",znc,"Zendikar Rising Commander",50,nonfoil,€0.31,rare,b2514908-46ac-468b-b097-81449236eb43,2022-09-15T09:58:08.855Z
1,"Hanged Executioner",voc,"Crimson Vow Commander",89,nonfoil,€0.12,rare,7676deeb-b80d-49c9-b810-5ed0a68fa618,2022-09-15T09:58:08.856Z
1,"Short Circuit",neo,"Kamigawa: Neon Dynasty",78,nonfoil,€0.05,common,74fe0fb5-e994-41b1-a73d-4e68f7afdf34,2022-09-15T09:58:08.862Z
1,"Mark of the Vampire",xln,"Ixalan",113,nonfoil,€0.07,common,55fec80c-81d5-4d3b-bc07-6fc6c2513ef8,2022-09-15T09:58:08.860Z
1,"Command Tower",khc,"Kaldheim Commander",108,nonfoil,€0.24,common,74c5bc49-318c-44fc-b276-f6d036fdf054,2022-09-15T09:58:08.856Z
1,"Command Tower",khc,"Kaldheim Commander",108,nonfoil,€0.24,common,74c5bc49-318c-44fc-b276-f6d036fdf054,2022-09-15T09:58:08.855Z
1,"Command Tower",voc,"Crimson Vow Commander",172,nonfoil,€0.20,common,a5f0af51-a054-4e04-aa6e-3972bd336a40,2022-09-15T09:58:08.856Z
1,"Command Tower",voc,"Crimson Vow Commander",172,nonfoil,€0.20,common,a5f0af51-a054-4e04-aa6e-3972bd336a40,2022-09-15T09:58:08.856Z
1,"Command Tower",znc,"Zendikar Rising Commander",124,nonfoil,€0.23,common,50976f27-1878-46b0-a3c9-ac53616905ac,2022-09-15T09:58:08.855Z
1,"Command Tower",znc,"Zendikar Rising Commander",124,nonfoil,€0.23,common,50976f27-1878-46b0-a3c9-ac53616905ac,2022-09-15T09:58:08.855Z
2,"Command Tower",dmc,"Dominaria United Commander",204,nonfoil,€0.19,common,77a679dd-220c-4fbe-a158-a8db57f55b86,2022-10-17T12:37:41.370Z
2,"Sure Strike",vow,"Innistrad: Crimson Vow",179,nonfoil,€0.06,common,1d872736-fafb-44e8-a809-48c5436c665a,2022-09-15T09:58:08.863Z
2,"Infernal Pet",khm,"Kaldheim",99,nonfoil,€0.03,common,80340582-655b-4bf1-88fb-14bcbe17aa04,2022-09-15T09:58:08.860Z
2,"Goblin Picker",dmu,"Dominaria United",128,nonfoil,€0.11,common,6d8f1f06-dde5-41f2-923c-67d1d4d13fab,2022-09-15T09:58:08.859Z
1,"Wax // Wane",dmr,"Dominaria Remastered",211,nonfoil,€0.05,uncommon,f93b22de-93f3-4f05-8960-fa6a539ea882,2023-04-11T13:49:14.808Z
2,"Tatyova, Steward of Tides",dmu,"Dominaria United",321,nonfoil,€0.08,uncommon,74c3f2dd-8745-4e2e-b01c-6b692c6ff8af,2022-10-11T11:30:03.944Z
3,"Battle Plan",mh2,"Modern Horizons 2",114,nonfoil,€0.02,common,2bc1e907-0e77-42ee-9eca-eae632020204,2022-09-15T09:58:08.857Z
2,"Aerial Modification",aer,"Aether Revolt",1,nonfoil,€0.12,uncommon,b89cab47-25fb-49ea-bb43-90a0089b6b20,2022-09-15T09:58:08.856Z
1,"Pirate's Prize",xln,"Ixalan",68,foil,€0.44,common,48d97373-9b55-4eb7-99b6-8912f09bd0bb,2022-09-15T09:58:08.861Z
1,"Nested Shambler",mh2,"Modern Horizons 2",95,nonfoil,€0.08,common,9851f290-f502-49f8-9b48-67f7966d4e34,2022-11-08T10:19:41.854Z
1,"Knight of New Alara",dmc,"Dominaria United Commander",156,nonfoil,€0.20,rare,10076adb-8bd2-4a65-9ee6-192ecd79cc2b,2022-10-17T13:22:46.472Z
2,"Phyrexian Vivisector",dmu,"Dominaria United",100,nonfoil,€0.04,common,65617a8f-4bd8-4edb-b5ec-e20b4482390b,2022-09-15T09:58:08.861Z
1,"Phyrexian Vivisector",dmu,"Dominaria United",100,nonfoil,€0.04,common,65617a8f-4bd8-4edb-b5ec-e20b4482390b,2022-09-15T09:58:08.861Z
1,"Subtle Strike",kld,"Kaladesh",100,nonfoil,€0.07,common,61a8cb98-7ee7-4f90-bfba-0a406a5e6d6b,2022-09-15T09:58:08.863Z
1,"Fact or Fiction",znc,"Zendikar Rising Commander",25,nonfoil,€0.15,uncommon,d617970e-e33a-481c-bbae-5ed5197d9a1c,2022-09-15T09:58:08.855Z
1,"Blessed Hippogriff // Tyr's Blessing",clb,"Commander Legends: Battle for Baldur's Gate",11,nonfoil,€0.09,common,b4590e53-ca8d-4896-a8cf-6af1e4bc456f,2022-09-15T09:58:08.857Z
1,"Esika's Chariot",khm,"Kaldheim",169,nonfoil,€7.05,rare,a87606cc-fbf0-4e2c-9798-f1c935d0573d,2022-09-15T09:58:08.855Z
2,"Creeping Mold",kld,"Kaladesh",150,nonfoil,€0.03,uncommon,277b549c-8691-42b2-9867-802b158a506c,2022-09-15T09:58:08.858Z
2,"Implement of Improvement",aer,"Aether Revolt",158,nonfoil,€0.10,common,2cb8eb0c-d7fa-4229-ae65-1890c77b2c7c,2022-09-15T09:58:08.860Z
1,"Dire Fleet Ravager",xln,"Ixalan",104,nonfoil,€0.50,mythic,53bd7ccc-aa71-4a3f-a86e-936cb3b2cce3,2022-09-15T09:58:08.858Z
1,"Geode Rager",znc,"Zendikar Rising Commander",6,nonfoil,€0.40,rare,28f684e5-a263-4841-b297-a094c76d906f,2022-09-15T09:58:08.855Z
3,"Michiko's Reign of Truth // Portrait of Michiko",neo,"Kamigawa: Neon Dynasty",29,nonfoil,€0.12,uncommon,74f12c23-5c15-4ae6-8f4d-c5e6c1878817,2022-09-15T09:58:08.860Z
1,"Michiko's Reign of Truth // Portrait of Michiko",neo,"Kamigawa: Neon Dynasty",29,nonfoil,€0.12,uncommon,74f12c23-5c15-4ae6-8f4d-c5e6c1878817,2022-09-15T09:58:08.860Z
1,"Michiko's Reign of Truth // Portrait of Michiko",neo,"Kamigawa: Neon Dynasty",29,nonfoil,€0.12,uncommon,74f12c23-5c15-4ae6-8f4d-c5e6c1878817,2022-09-15T09:58:08.860Z
1,"Metropolis Angel",snc,"Streets of New Capenna",203,nonfoil,€0.09,uncommon,633c7e38-fdad-461c-9ecb-3e89d5b80f24,2022-09-15T09:58:08.860Z
1,"Vraska, Golgari Queen",grn,"Guilds of Ravnica",213,nonfoil,€2.89,mythic,a36d3ea7-0f18-4865-b47b-755673db065e,2022-09-15T09:58:08.864Z
1,"Alchemist's Retrieval",vow,"Innistrad: Crimson Vow",47,foil,€0.25,common,edbf9d4f-6027-40b8-81c1-7f001a9119dd,2022-09-15T09:58:08.856Z
1,"Alchemist's Retrieval",vow,"Innistrad: Crimson Vow",47,nonfoil,€0.16,common,edbf9d4f-6027-40b8-81c1-7f001a9119dd,2022-09-15T09:58:08.856Z
1,"Mystic Monastery",dmc,"Dominaria United Commander",221,nonfoil,€0.24,uncommon,46b0efe1-958c-4d13-9464-b140080014e7,2022-10-17T13:22:46.484Z
1,"Aeromoeba",mh2,"Modern Horizons 2",389,nonfoil,€0.04,common,25de0eb6-94f5-440f-8201-cc7dad2f0805,2022-09-15T09:58:08.856Z
2,"Aeromoeba",mh2,"Modern Horizons 2",37,nonfoil,€0.03,common,2a304f7e-0b9e-4ef6-9ad8-34350839f7d9,2022-09-15T09:58:08.856Z
1,"Sire of the Storm",voc,"Crimson Vow Commander",113,nonfoil,€0.13,uncommon,bea64c04-6cd0-49e9-b4ba-1b50aab0a490,2022-09-15T09:58:08.856Z
1,"Commencement of Festivities",kld,"Kaladesh",148,foil,€0.20,common,f1724602-2ae1-40a4-aeb0-51a483a6948c,2022-09-15T09:58:08.858Z
1,"Commencement of Festivities",kld,"Kaladesh",148,nonfoil,€0.04,common,f1724602-2ae1-40a4-aeb0-51a483a6948c,2022-09-15T09:58:08.858Z
1,"Tabaxi Toucaneers",clb,"Commander Legends: Battle for Baldur's Gate",46,nonfoil,€0.10,common,43e38761-70e0-4f6e-a4c2-7c9a17557d25,2022-09-15T09:58:08.863Z
2,"Mnemonic Sphere",neo,"Kamigawa: Neon Dynasty",64,nonfoil,€0.07,common,1a15d8d9-0575-4add-ae8d-4576e8ed2cbe,2022-09-15T09:58:08.860Z
1,"Mnemonic Sphere",neo,"Kamigawa: Neon Dynasty",64,nonfoil,€0.07,common,1a15d8d9-0575-4add-ae8d-4576e8ed2cbe,2022-09-15T09:58:08.860Z
3,"Mnemonic Sphere",neo,"Kamigawa: Neon Dynasty",64,nonfoil,€0.07,common,1a15d8d9-0575-4add-ae8d-4576e8ed2cbe,2022-09-15T09:58:08.860Z
3,"Recalibrate",mh2,"Modern Horizons 2",57,nonfoil,€0.03,common,b95cc841-4e4f-4896-a073-f2e246ca62e4,2022-09-15T09:58:08.861Z
1,"Farhaven Elf",khc,"Kaldheim Commander",62,nonfoil,€0.18,common,320d0a4c-c556-4468-b934-bfdf17961a53,2022-09-15T09:58:08.856Z
1,"Farhaven Elf",cmr,"Commander Legends",225,nonfoil,€0.11,common,db681025-f912-4cba-8b89-c57cda2e6d53,2022-09-15T09:58:08.854Z
1,"Molten Monstrosity",dmu,"Dominaria United",139,nonfoil,€0.07,common,240957e5-ab0a-443f-92de-ae999b08c44f,2022-10-11T11:30:03.944Z
1,"Molten Monstrosity",dmu,"Dominaria United",139,nonfoil,€0.07,common,240957e5-ab0a-443f-92de-ae999b08c44f,2022-10-11T11:30:03.944Z
1,"Foul Play",mid,"Innistrad: Midnight Hunt",101,nonfoil,€0.05,uncommon,87e4b75c-e993-4983-8933-977be314bba6,2022-09-15T09:58:08.859Z
1,"Shared Summons",m20,"Core Set 2020",193,nonfoil,€1.53,rare,1e1e49b6-ed0f-42f5-af22-6f4aa23ce4ef,2022-09-15T09:58:08.862Z
1,"Tempest Caller",xln,"Ixalan",86,foil,€0.46,uncommon,64d0f22d-0448-4039-b6f3-75d12e10f48c,2022-09-15T09:58:08.863Z
1,"Tempest Caller",xln,"Ixalan",86,nonfoil,€0.18,uncommon,64d0f22d-0448-4039-b6f3-75d12e10f48c,2022-09-15T09:58:08.863Z
1,"Zombie Army",tmh2,"Modern Horizons 2 Tokens",7,nonfoil,€0.00,common,c46d82e0-ef99-473c-a09c-8f552db759bf,2022-09-15T09:58:08.864Z
1,"Mistmeadow Witch",khc,"Kaldheim Commander",88,nonfoil,€0.10,uncommon,570afcb8-8cf0-4946-863a-be19c0a5e110,2022-09-15T09:58:08.855Z
1,"Keldon Strike Team",dmu,"Dominaria United",136,nonfoil,€0.05,common,4af4031e-b14e-4568-b047-b3d470d9b18e,2022-10-11T11:30:03.944Z
1,"Keldon Strike Team",dmu,"Dominaria United",136,nonfoil,€0.05,common,4af4031e-b14e-4568-b047-b3d470d9b18e,2022-10-11T11:30:03.944Z
